2850 5002
219 620 283 683 illis
308 619 408 703 rideo,
432 626 465 683 ut
481 618 636 683 confidam
653 619 721 684 fore
743 619 795 682 lta
818 626 850 683 ut
874 620 1037 684 volurnus’.
1081 622 1126 686 sic
1148 622 1231 687 enim
1248 623 1343 707 scrip-

219 728 286 785 tum
317 727 366 786 cst
393 720 425 784 in
455 721 492 785 A.
540 722 596 785 sed
627 740 667 786 ne
698 721 802 785 dicam
832 720 951 785 omissa
982 725 1219 808 praepositione
1249 725 1341 789 huius

218 843 330 889 versus
352 842 501 888 numeros
517 822 641 905 violari,
663 824 767 907 ipsnrn
784 824 1014 888 sententiarum
1038 846 1192 891 conexum
1208 832 1240 892 et
1263 827 1341 891 illud

218 933 314 993 teresse
336 926 468 991 verbum
498 924 570 1010 (pro
593 945 656 1007 qno
686 926 717 990 in
742 927 868 991 relicuis
890 927 1052 991 codicibus
1079 929 1215 1013 simplex
1239 930 1340 1015 extat)

218 1036 250 1094 et
280 1030 390 1111 utiquc
418 1035 578 1108 repetitam
599 1036 857 1108 praepositionem
885 1048 1016 1113 poscere
1038 1050 1131 1094 nemo
1154 1052 1217 1094 non
1241 1032 1339 1096 ridet:

217 1150 321 1212 neque
352 1130 436 1195 enirn
467 1136 564 1214 poeta
595 1129 674 1193 illud
701 1131 801 1194 voluit
829 1131 930 1213 ‘signa
959 1130 1023 1195 illis
1052 1130 1231 1195 hominibus
1253 1135 1339 1211 csse',

218 1232 276 1297 sed
298 1232 357 1295 illa
379 1233 419 1295 ‘in
443 1232 523 1315 ipsis
547 1252 655 1296 corum
678 1232 818 1295 moribus
842 1251 882 1297 ac
904 1239 1019 1296 natura
1041 1232 1164 1316 inesse,’
1176 1234 1200 1318 ¹)
1223 1234 1338 1298 Heaut.

218 1336 294 1400 608:
326 1332 362 1397 ‘si
399 1334 549 1417 redimat,
580 1353 732 1415 magnum
772 1334 877 1398 inesse
905 1335 936 1398 in
972 1354 1012 1399 ea
1047 1334 1168 1399 lucrum
1204 1334 1284 1420 (scil
1305 1334 1336 1399 in

217 1435 348 1521 puella).
397 1436 508 1500 ecdem
533 1436 670 1519 pertinet
700 1442 825 1515 Afroro't
847 1457 875 1500 v.
898 1439 960 1500 258
983 1457 1012 1521 p.
1038 1441 1074 1501 17
1099 1437 1235 1502 adlatus.
1277 1437 1338 1501 hac

216 1558 293 1603 vcro
316 1536 545 1621 significatione
576 1535 720 1601 adhibito
750 1536 822 1601 huic
851 1538 946 1602 verbo
970 1539 1067 1603 etiam
1092 1548 1123 1605 to
1144 1540 1338 1625 praepositio

217 1662 287 1705 cum
311 1640 453 1705 ablativo
479 1647 525 1706 ret
552 1638 719 1704 coniuncta
748 1638 886 1702 adicitur·
913 1646 1011 1705 Ploct.
1040 1642 1121 1707 llud.
1148 1645 1222 1707 352:
1245 1642 1340 1706 ‘Inest

216 1744 306 1827 lepos
328 1744 362 1806 in
384 1742 495 1806 nuntio
518 1748 572 1806 tuo
595 1762 740 1824 magnus,
763 1761 836 1806 mea
852 1742 1053 1825 Ampelisca’,
1079 1750 1198 1809 Terent.
1215 1744 1339 1808 Phorrn.

219 1847 291 1911 108:
314 1845 375 1929 ‘Ut‚
397 1845 430 1907 ni
452 1845 502 1909 ris
523 1844 599 1909 boni
615 1845 651 1908 ln
674 1844 746 1928 ipsa
768 1844 886 1909 inesset
908 1842 1017 1927 fcrnra,
1040 1844 1119 1909 llaec
1133 1845 1270 1909 formam
1287 1865 1339 1910 ex-

216 1945 413 2030 tinguerent,
435 1946 533 2013 Andr.
557 1948 631 2011 857:
654 1946 780 2010 ‘'l'ristis
803 1946 959 2012 severitas
980 1946 1064 2011 inest
1085 1946 1117 2010 in
1140 1948 1228 2011 voltu
1243 1955 1338 2029 atquc

215 2050 248 2113 in
277 2049 382 2114 verbis
408 2046 508 2131 fidcs’,
536 2048 677 2114 Eunuch.
700 2050 753 2114 59:
783 2050 829 2113 ‘ln
860 2068 968 2114 amore
997 2048 1075 2115 haec
1102 2050 1209 2114 omnia
1230 2051 1339 2114 insunt

215 2152 311 2216 vitia:
335 2151 481 2234 iniuriae,
502 2150 717 2235 Suspiciones,
735 2150 927 2233 inimicitiae,
951 2152 1102 2235 indutiae,
1118 2153 1250 2235 Bellum,
1273 2173 1337 2237 pax

215 2252 358 2318 rursum'.
403 2273 442 2317 ex
471 2253 520 2315 lris
542 2254 637 2335 igitur
659 2253 815 2336 exemplis
838 2251 953 2317 subtile
977 2254 1136 2335 quoddam
1160 2256 1338 2319 sententiae

215 2355 386 2419 discrimen
412 2355 494 2419 inter
525 2356 695 2438 repetitam
724 2354 993 2439 praepositionem
1021 2362 1053 2421 et
1080 2356 1223 2421 dativum
1246 2356 1339 2421 inter-

215 2457 332 2523 cedens
354 2477 417 2520 non
438 2456 644 2539 cognoscitur,
666 2456 724 2521 sed
743 2456 823 2521 illud
838 2477 902 2520 non
924 2458 1158 2541 neglegendum
1175 2478 1246 2524 esse
1261 2464 1338 2543 puto

213 2566 356 2625 Plautum
383 2564 415 2624 et
444 2565 612 2625 Terentiam
649 2559 720 2624 huic
751 2559 860 2644 verbo,
899 2580 969 2624 cum
1001 2561 1041 2627 de
1073 2562 1166 2627 rebus
1203 2563 1338 2627 internis

215 2661 345 2746 dicitur,
370 2663 527 2727 constanti
551 2682 612 2726 usu
636 2662 921 2747 praepositionem,
950 2670 1074 2731 Noctem
1105 2666 1250 2731 dativum
1282 2665 1337 2729 ad-

214 2766 403 2849 posuisses

302 2872 329 2932 5.
374 2868 524 2936 interesse
546 2864 670 2953 (lert).
714 2866 787 2932 huic
810 2867 915 2949 verbo,
938 2888 1010 2933 cum
1030 2868 1188 2951 significat
1202 2869 1338 2951 differre,

214 2969 313 3034 semel
332 2971 503 3034 Terentius
526 2970 669 3035 dativum
693 2971 840 3035 adiunxit
863 2969 941 3035 Eun.
964 2973 1040 3035 231:
1061 2970 1117 3034 ‘Di
1132 2970 1338 3046 immortales,

216 3071 339 3137 homini
353 3071 448 3137 homo
467 3072 544 3155 quid
559 3072 729 3156 praestat?
752 3072 849 3136 stulto
865 3070 1056 3153 intellegens
1071 3069 1154 3148 Quid
1176 3068 1337 3135 interesti’

301 3311 320 3379 ¹)
337 3308 367 3363 id
390 3315 482 3365 autem
506 3309 663 3378 exemplum
685 3324 771 3362 unum
793 3323 828 3362 ex
846 3308 902 3362 illis
921 3312 973 3376 est,
996 3308 1098 3376 quibus
1116 3309 1335 3376 praeclarissime

212 3394 283 3448 illud
301 3394 478 3449 confirmatur
500 3393 600 3449 librum
617 3393 782 3448 Bembinum
805 3409 861 3446 non
879 3408 1027 3461 numquam
1045 3393 1151 3447 idcirco
1169 3396 1343 3465 corruptelis·

212 3480 346 3549 laborare,
365 3480 441 3549 quod
453 3496 520 3535 casu
530 3480 695 3534 exciderunt
705 3494 790 3533 voces
807 3478 952 3548 quaedam,
970 3494 1041 3547 quac
1054 3480 1226 3551 nulchmodo
1239 3482 1337 3537 deesse

212 3570 341 3633 possunt.

298 3652 320 3714 2)
337 3649 389 3705 hac
413 3652 487 3706 enirn
509 3666 538 3706 rc
563 3650 717 3705 Lehmauni
742 3650 881 3704 sententia
902 3650 1014 3706 videtur
1033 3651 1189 3706 confirmari
1207 3652 1255 3721 qui
1274 3669 1335 3707 con·

212 3734 270 3789 lato
283 3735 406 3789 Sallustii
419 3736 546 3790 Caesaris
559 3736 649 3790 'leciri
662 3751 716 3790 usu
734 3736 944 3805 demonstravit,
963 3753 1019 3806 quo
1032 3738 1096 3807 quis
1108 3739 1248 3806 antiquior
1262 3745 1337 3792 esset

213 3820 348 3888 scriptor,
372 3836 405 3873 cc
428 3821 517 3874 rarius
542 3836 604 3875 eum
623 3822 719 3876 dativo
745 3823 786 3876 uti
803 3824 843 3891 (p.
863 3832 878 3875 3
898 3830 967 3875 extr.
987 3829 1015 3876 et
1033 3828 1065 3876 (55
1085 3827 1169 3889 extr.)
1185 3824 1232 3890 (cf.
1251 3822 1334 3875 Drac-

212 3920 269 3973 gcr.
289 3905 352 3959 hist.
372 3912 445 3975 synt.
465 3906 491 3959 d.
509 3909 569 3960 Lat.
588 3906 649 3976 Spr.
663 3910 730 3976 Lpz.
752 3911 816 3961 leil
834 3926 861 3977 p.
875 3912 923 3961 327
938 3914 966 3961 ct
984 3908 1071 3976 ignat.
1091 3924 1117 3976 p.
1131 3912 1166 3975 c).
1196 3921 1262 3960 sane
1280 3922 1336 3959 non

211 3992 310 4059 ignoro
328 3989 399 4045 hanc
425 4006 480 4044 rem
500 3992 575 4059 apud
598 3992 659 4046 illos
685 4009 756 4062 quos
774 3992 954 4047 Lehrnannus
977 3993 1109 4047 tractavit
1127 3991 1278 4060 scriptores
1296 3990 1336 4043 ita

212 4092 243 4131 se
261 4076 371 4145 habere,
390 4075 441 4130 scd
459 4075 566 4145 dubito,
585 4092 651 4130 num
665 4077 733 4132 hacc
752 4080 893 4133 sententia
910 4078 940 4131 in
957 4093 1053 4134 omncs
1071 4077 1222 4144 scriptores
1241 4074 1335 4130 cadat:

212 4177 275 4215 nam
300 4168 458 4231 comparato
482 4162 603 4215 omniurn
631 4163 778 4217 verborum
808 4163 1023 4233 compositorum
1047 4162 1124 4231 apud
1151 4162 1277 4215 Plautum
1309 4170 1337 4215 ct

211 4246 372 4301 Terentium
398 4262 452 4301 usu
478 4248 599 4315 cognovi
626 4248 788 4303 'Ferentium
815 4254 844 4304 et
868 4250 955 4302 multo
981 4248 1070 4315 magis
1098 4262 1178 4314 quam
1206 4248 1336 4301 Plautum

211 4330 448 4400 praepositionem
470 4331 600 4402 posuisse
631 4338 659 4386 et
682 4334 770 4402 magis
800 4348 882 4401 quam
910 4332 987 4385 illum
1012 4331 1039 4385 in
1068 4328 1165 4385 herum
1188 4333 1335 4387 verborum

209 4422 352 4472 structura
370 4416 424 4473 sibi
443 4416 612 4473 constitisse.
