2850 5002
135 628 225 693 cibus
254 627 381 713 legitur,
412 649 510 695 sanus
540 636 602 699 est:
625 631 755 697 exhibet
781 632 866 699 enirn
888 635 930 700 B:
964 635 1037 701 ‘nec
1063 636 1141 701 mihi
1163 636 1255 702 adest

134 731 234 796 adilliu
252 731 346 816 pensi
367 731 433 796 iam
457 751 536 815 quos
557 734 686 819 capiam
701 735 841 801 calceos'
863 736 1005 820 itemque
1021 738 1077 804 OD
1094 739 1155 804 nisi
1170 741 1255 822 qnod

134 854 192 918 pro
215 834 337 900 ‘adillri’
368 834 488 901 habent
516 835 572 901 ‘ad
594 836 706 904 illum’.
750 858 860 904 verum
883 839 1004 906 vidisse
1027 840 1106 905 mibi
1128 841 1256 906 videtur

134 935 337 1021 Spengelius,
360 937 415 1020 qui
437 937 519 1003 duce
547 959 587 1004 ex
609 946 700 1024 parte
722 940 868 1006 Acidalio
891 942 1035 1026 scripsit:
1068 943 1149 1008 ‘Neo
1177 943 1256 1007 mihi

19 1074 23 1085 ·
134 1040 242 1123 adest,
275 1041 318 1104 ad
344 1040 443 1105 hilum
471 1041 562 1124 pensi
589 1042 655 1107 iam
677 1062 739 1125 quo
762 1042 848 1129 (1.6.
870 1064 933 1126 quo
956 1044 1102 1129 argento)
1125 1046 1255 1130 capiam

135 1141 281 1222 calceos’,
303 1161 500 1225 quamquam
522 1145 629 1209 nescio
652 1165 695 1209 an
716 1144 769 1210 hic
790 1146 965 1211 versiculus
987 1165 1053 1210 una
1073 1165 1144 1210 curn
1160 1167 1256 1213 versu

136 1249 172 1307 51
209 1244 364 1311 delendus
397 1246 454 1311 sit:
491 1266 566 1311 nam
595 1247 794 1332 ineptissime
823 1247 863 1313 iis
890 1249 1042 1313 orationis
1069 1269 1256 1333 progressus

134 1346 383 1432 interrumpitur.
441 1349 576 1414 Mostell.
610 1353 707 1415 1137:
749 1351 855 1417 ‘Nunc
888 1351 1032 1434 utrisque
1060 1352 1256 1435 disceptator

134 1468 243 1514 eccum
275 1450 390 1534 adest’,
426 1450 490 1516 llil.
520 1453 597 1517 897:
630 1454 682 1518 ‘en
712 1453 771 1519 tibi
799 1455 917 1519 adsunt
946 1469 1028 1537 quas
1056 1473 1107 1519 me
1136 1453 1257 1518 iussisti

134 1551 315 1638 adducere',
344 1553 460 1618 Pseud.
488 1555 566 1620 948:
600 1554 739 1656 ‘Lepida
768 1555 887 1620 ibidem
917 1575 982 1620 una
1011 1556 1116 1622 aderit
1144 1555 1257 1621 mulier

134 1654 192 1719 tibi
223 1675 319 1739 super
348 1656 441 1720 savia
470 1657 562 1720 savia
585 1675 669 1738 quae
692 1656 769 1722 det'.
813 1677 911 1739 quam
934 1676 1046 1724 versus
1068 1657 1258 1743 scripturam

134 1775 155 1820 a
176 1757 385 1823 Fleckeiseno
407 1758 604 1843 propositam
628 1758 777 1840 equidem
798 1759 906 1843 probo,
930 1760 1051 1844 quippe
1073 1779 1156 1842 quae
1172 1759 1258 1825 haud

133 1857 180 1923 ita
214 1860 348 1925 multum
379 1881 400 1926 a
431 1860 593 1926 codicibus
624 1860 709 1926 BOD
741 1861 884 1945 recedat,
916 1862 950 1925 in
982 1861 1098 1944 quibus
1127 1861 1257 1945 legitur:

134 1961 257 2046 ‘lepida
287 1961 405 2027 ibidem
435 1983 500 2027 una
531 1964 636 2046 aperit
665 1962 779 2028 mulier
801 1963 859 2028 tibi
882 1963 997 2030 suavia
1020 1983 1117 2048 super
1140 1965 1258 2047 uiaque

134 2064 247 2130 decet’.
291 2064 382 2131 vides
405 2071 512 2131 autem
535 2066 681 2131 dativum
704 2066 787 2130 ‘tibi’
810 2071 976 2149 tamquam
1000 2057 1069 2132 ἀπὸ
1091 2068 1211 2132 κοινοῦ
1227 2072 1259 2132 61

134 2166 178 2231 ad
199 2166 329 2233 ‘aderit’
358 2169 453 2233 etad
482 2168 563 2234 ‘det’
590 2168 701 2234 referri
722 2188 827 2253 posse.
870 2168 1063 2235 Ritsehelius
1085 2168 1170 2236 hunc
1192 2189 1259 2234 ver·

136 2289 205 2334 sum
229 2271 275 2335 sic
302 2270 444 2354 scripsit:
475 2270 611 2335 ‘Ibidem
641 2290 706 2335 una
736 2270 841 2337 aderit
870 2271 984 2336 mulier
1011 2271 1133 2355 lepida,
1163 2290 1259 2355 super

135 2372 227 2437 savia
243 2372 299 2436 tibi
317 2390 399 2453 quae
415 2372 508 2436 savia
526 2371 600 2438 det’.
637 2372 703 2438 Mil.
718 2375 795 2438 219:
817 2372 934 2438 ‘Viden
949 2371 1049 2437 hostis
1071 2372 1130 2436 tibi
1145 2373 1259 2438 adesse

135 2480 254 2556 tuoque
275 2480 365 2558 tergo
389 2474 587 2559 opsidium'?
610 2474 697 2539 Trin.
715 2476 846 2550 llollt:
870 2474 946 2541 ‘On
966 2474 1258 2558 Circumspicedum

137 2583 178 2660 te,
200 2595 241 2642 ne
263 2577 334 2660 quis
357 2577 444 2642 adsit
466 2577 584 2643 arbiter
605 2577 709 2643 Nobis
731 2583 763 2644 et
785 2597 907 2661 quaeso
934 2576 1109 2644 identidem
1131 2577 1260 2643 circum-

136 2678 247 2764 spice’.
291 2679 442 2745 exhibent
471 2680 557 2745 enim
584 2679 618 2743 in
645 2680 736 2745 initio
763 2700 875 2746 versus
901 2679 1070 2746 trilibri:
1103 2680 1207 2745 ‘nobis
1228 2685 1260 2746 et

136 2782 271 2865 quaeso’
296 2782 424 2848 Callicli
440 2784 626 2848 continuata
647 2789 764 2849 etcum
781 2784 944 2868 superiore
958 2803 1055 2849 versu
1070 2788 1262 2849 constructa.

136 2905 233 2968 quam
254 2887 445 2970 scripturam
462 2886 657 2952 Ritsehelius
680 2907 751 2953 cum
766 2885 907 2968 Bergkio
920 2884 943 2970 ¹)
967 2890 999 2951 et
1013 2882 1260 2971 Fleckeisen02)

135 2987 338 3071 improbavit,
361 2988 481 3073 quippe
504 3010 575 3054 curn
596 2988 814 3072 Megaronidis
836 3006 1034 3071 responsum,
1058 3004 1193 3067 quocum
1208 2984 1261 3048 hic

134 3089 275 3171 loquitur
299 3089 458 3173 Callicles,
482 3089 727 3155 desideraretur.
770 3089 882 3170 itaque
903 3087 1015 3151 dativo
1041 3085 1158 3151 ‘nobis'
1180 3092 1260 3151 tanr-

135 3211 232 3274 quam
268 3191 463 3276 glossemate
499 3192 600 3257 eiecto
638 3190 720 3256 hanc
756 3190 971 3255 coniectmam
1005 3187 1141 3272 recepit:
1175 3188 1183 3222 ‘
1190 3188 1260 3254 ΜΕ.

134 3295 208 3360 Non
231 3300 288 3360 est.
312 3293 376 3360 CA.
421 3294 485 3360 Sed
516 3314 637 3377 quaeso
667 3293 844 3359 identidem
867 3289 1096 3374 circumspice’.
1140 3290 1260 3356 sedne

135 3398 196 3464 lrac
218 3397 348 3481 quidem
371 3397 552 3462 coniectura
574 3397 638 3482 ipsi
653 3396 825 3462 Ritsehelio
848 3395 929 3461 satis
951 3393 1072 3458 facturn
1095 3412 1167 3459 esse
1184 3392 1260 3459 inde

135 3502 279 3586 adparet,
303 3500 388 3584 quod
410 3500 492 3565 duas
514 3500 598 3566 alias
620 3499 794 3585 proposuit.
837 3497 889 3585 (ef.
904 3497 1013 3562 adnot.
1029 3496 1095 3562 crit.
1111 3494 1199 3562 adh.
1216 3494 1260 3579 1.).

136 3603 285 3686 equidem
308 3623 507 3686 quamquam
527 3602 790 3669 libenter‘fateor
812 3603 867 3667 vix
881 3600 941 3666 hoc
955 3601 1026 3665 loeo
1041 3598 1259 3683 Megaronidis

135 3724 323 3790 responsum
346 3706 450 3770 omitti
471 3725 580 3790 posse,
609 3705 762 3789 quoniam
793 3703 907 3769 similis
934 3702 1002 3768 fere
1030 3700 1259 3767 sententiarum

136 3827 276 3873 conexus
305 3812 396 3873 extat
426 3826 465 3873 ao
494 3808 586 3875 Most.
617 3810 679 3872 472
702 3826 783 3890 sqq,
815 3812 924 3871 tamen
953 3823 1018 3870 una
1049 3822 1120 3869 cum
1149 3801 1259 3866 Brixio

138 3910 244 3976 facere
266 3910 448 3995 maluerim,
471 3911 593 3994 quiea,
616 3931 682 3994 qua
704 3910 832 3975 omnino
855 3928 906 3974 me
928 3906 1034 3973 iudice
1055 3904 1123 3970 fieri
1145 3906 1261 3988 potest,

135 4013 261 4078 ratione
290 4012 433 4079 codicum
465 4012 655 4096 scripturam
682 4011 833 4079 defendit.
877 4011 966 4075 Most
992 4009 1088 4072 1075:
1122 4004 1258 4068 ‘Adsum

135 4133 288 4198 praesens
318 4114 481 4200 praesenti
512 4113 593 4198 tibi',
629 4113 745 4199 Amph.
769 4116 847 4179 976:
881 4111 989 4177 ‘Nunc
1016 4113 1051 4172 tu
1076 4106 1185 4172 dimne
1213 4105 1258 4170 mi

224 4372 245 4436 ¹)
262 4383 371 4424 consur.
389 4384 416 4438 p.
437 4370 510 4422 1135.

221 4457 244 4524 ²)
260 4452 407 4511 Ritsehelii
424 4453 517 4509 adnot.
535 4451 595 4509 erit
613 4451 649 4507 ad
665 4450 692 4507 h.
710 4451 729 4506 l.
