2850 5002
1255 560 1287 622 11

172 735 219 800 ‘a'
255 736 288 799 in
320 733 411 799 libris
442 732 595 797 adiunota
625 738 674 797 est
708 731 805 797 etiam
838 730 1036 798 Staseas:
1071 731 1153 794 ‘Iam
1185 730 1292 794 redeo.

171 837 303 903 nimiast
318 837 476 920 voluptas,
491 837 519 900 si
534 835 611 900 diua
626 835 724 900 tueris
740 853 760 898 a
776 833 892 898 domo’
930 835 977 899 sio
991 833 1076 899 enim
1092 838 1292 917 repugnante

172 946 273 1006 metro
289 937 442 1004 exhibent
456 937 537 1003 libri.
572 937 751 1002 troohaioos
765 956 915 1001 numeros
929 936 996 1000 iam
1011 934 1180 1000 Acidalius
1196 953 1290 1016 quern

171 1040 338 1106 novissimi
360 1040 499 1106 editores
522 1040 622 1105 seouti
646 1044 719 1104 sunt
741 1045 825 1104 reete
848 1038 986 1103 restituit
1009 1039 1067 1103 sio:
1090 1039 1171 1103 ‘Iam
1187 1037 1292 1101 redeo.

171 1142 302 1208 nimiast
323 1143 488 1227 voluptas,
511 1143 539 1206 si
562 1142 617 1207 diu
640 1140 759 1206 afueris
781 1140 897 1209 domo’
941 1141 1056 1207 deinde
1079 1140 1139 1205 hoe
1160 1139 1291 1205 verbum

171 1247 327 1311 translato
357 1264 455 1312 sensu
485 1251 672 1329 usurpatum
704 1264 775 1308 oum
805 1243 850 1307 ‘a‘
880 1244 1118 1329 praepositione
1152 1242 1293 1325 iungitur

66 1408 69 1413 .
171 1356 270 1414 Ploat.
295 1349 382 1412 Trin.
401 1352 496 1413 1011:
518 1347 559 1412 ‘si
574 1346 681 1412 aberis
696 1347 737 1411 ab
758 1346 805 1411 eri
820 1346 1020 1429 quaestione’
1043 1346 1074 1412 11.
1088 1365 1115 1412 θ.
1136 1345 1163 1410 si
1178 1343 1292 1424 aberis,

170 1469 338 1515 eumerus
364 1455 396 1515 te
426 1456 567 1532 quaeret.
611 1448 743 1514 ‘aberis’
773 1448 858 1512 enirn
880 1448 940 1514 hoo
967 1449 1037 1513 looo
1059 1468 1117 1533 pro
1147 1447 1291 1512 oodioum

171 1552 328 1636 seriptura
351 1552 495 1618 ‘abieris'
519 1551 720 1618 scribendum
736 1571 807 1616 esse
822 1551 980 1617 intellexit
995 1551 1060 1616 iam
1077 1551 1292 1616 Camerarius.

170 1655 294 1738 Epidl
320 1658 411 1737 1,15:
434 1660 481 1718 ‘at
503 1664 579 1721 enim
600 1674 734 1719 nnuma
755 1659 909 1738 praetura
924 1659 990 1735 tua,
1011 1653 1153 1737 Epidico,
1177 1652 1292 1737 abest',

172 1756 256 1839 quod
287 1756 353 1822 fere
383 1757 468 1822 idern
500 1762 549 1823 est
579 1776 618 1822 ao
648 1757 836 1841 ‘praeturae
867 1763 942 1822 tuae
973 1756 1065 1822 abest
1095 1756 1147 1820 vel
1181 1754 1291 1820 deest’

171 1859 282 1923 eodem
305 1861 443 1943 pertinet
465 1860 557 1943 Oapt.
573 1863 650 1922 271:
681 1860 889 1923 ‘Proxumum
919 1859 1003 1942 quod
1026 1859 1068 1922 sit
1088 1859 1171 1923 bono
1195 1859 1292 1940 quod·

171 1980 233 2044 que
248 1983 268 2026 a
286 1963 371 2026 malo
386 1961 592 2046 longissume,
613 1962 652 2026 Id
667 1960 751 2027 volo'
767 1961 797 2028 11.
813 1982 838 2027 θ.
861 1962 995 2026 ‘amalo
1011 1961 1115 2026 absit'
1148 1961 1199 2026 hio
1215 1982 1292 2025 usus

170 2065 375 2128 oonfirmatur
390 2064 487 2129 etiam
510 2072 635 2147 Afranii
657 2084 753 2129 versu
774 2067 852 2129 242:
874 2064 970 2129 ‘solas
985 2065 1101 2129 abesse
1124 2064 1165 2128 ab
1182 2064 1292 2128 lustris

171 2166 334 2249 ingenium
356 2165 487 2249 procul)
531 2165 604 2230 huie
625 2167 721 2232 verbo
744 2173 914 2249 eognatum
938 2172 986 2232 est

258 2271 287 2334 2.
331 2271 444 2337 deesse
466 2268 526 2353 (Pl.
549 2267 642 2354 Afra),
680 2269 764 2351 quod
787 2268 916 2333 dativus
938 2287 1126 2353 personae
1149 2269 1292 2351 sequitur

171 2376 271 2447 Ploat.
315 2370 431 2437 Baeeh.
447 2374 501 2438 37:
525 2371 597 2436 ‘Pol
618 2372 722 2455 magis
749 2377 854 2436 metuo
875 2372 919 2436 mi
940 2372 973 2434 in
995 2371 1154 2436 monendo
1183 2391 1224 2436 ne
1239 2371 1292 2436 de·

170 2470 264 2537 fuerit
299 2473 410 2556 optio'.
463 2475 508 2540 sio
545 2475 630 2538 enim
668 2480 753 2539 reete
790 2473 983 2540 Ritsehelius
1016 2474 1096 2539 duee
1127 2494 1168 2539 ex
1199 2479 1291 2557 parte

170 2575 349 2660 Bernaysio
379 2575 463 2641 huno
494 2597 621 2642 versum
657 2577 798 2661 scripsit,
839 2598 909 2642 eum
945 2577 1018 2642 libri
1054 2596 1205 2661 perverse
1233 2597 1291 2661 pro

170 2677 285 2760 ‘optio'
306 2678 435 2744 ‘oratio‘
458 2678 642 2745 exhibeant.
685 2679 802 2745 Baoeh.
817 2681 872 2744 38:
894 2679 966 2744 ‘Pol
989 2699 1047 2763 ego
1070 2686 1176 2744 metuo
1198 2679 1292 2744 lusoi-

171 2779 280 2844 niolae
308 2800 349 2845 ne
379 2781 515 2846 defuerit
544 2782 677 2866 oantio',
704 2783 794 2846 Truo.
812 2783 845 2847 Il
867 2787 902 2865 4,
921 2784 977 2846 88:
1014 2783 1077 2847 ‘me
1099 2783 1205 2866 potius
1227 2802 1292 2846 non

171 2881 288 2945 amabo
313 2900 409 2964 quam
425 2882 499 2948 huie
514 2884 597 2949 desit
613 2883 709 2949 amor’
733 2883 762 2950 h.
777 2904 804 2949 e.
825 2883 933 2966 ‘quam
954 2905 1018 2948 non
1041 2890 1165 2949 ametur
1187 2883 1293 2950 ame’.

170 2990 279 3065 Afros.
301 3005 331 3050 r.
353 2985 410 3049 62:
438 2985 525 3050 ‘Non
547 2986 663 3051 desunt
685 2985 773 3069 mihi,
803 2987 859 3069 qui
882 2986 964 3051 ultro
988 2985 1086 3052 dent’.
1134 2993 1292 3053 Terentius

169 3084 263 3150 huius
291 3106 369 3151 usus
399 3087 548 3172 exempla
578 3088 712 3172 praebet
742 3089 840 3155 nulla.
891 3088 997 3153 nullus
1029 3094 1138 3155 autem
1170 3109 1210 3154 ex
1240 3089 1291 3154 his

169 3188 274 3271 poetis
296 3188 342 3254 sio
364 3189 423 3254 hoe
444 3190 542 3255 verbo
566 3210 642 3255 usus
665 3196 726 3274 est,
757 3196 792 3255 ut
814 3190 969 3274 significet
991 3197 1049 3256 aut
1075 3191 1183 3255 ‘alieui
1205 3191 1291 3273 quod

169 3294 318 3356 eonvenit
339 3312 402 3356 non
424 3295 605 3377 praestare'
627 3300 683 3359 aut
704 3293 815 3359 ‘alieui
838 3295 885 3360 rei
907 3294 948 3359 de
970 3294 1128 3359 industria
1144 3295 1291 3359 oonsilio-

169 3409 230 3476 que
251 3413 317 3458 non
339 3394 478 3461 adesse’.

255 3498 282 3560 3.
327 3498 439 3566 troas
461 3497 522 3582 (Pl.
544 3499 615 3564 Ter.
637 3497 767 3583 Noui).
809 3498 884 3562 huie
905 3499 1012 3579 verbo,
1035 3519 1097 3581 quo
1113 3500 1202 3564 verbi
1217 3500 1291 3564 sim·

169 3596 263 3680 pliois
285 3598 475 3679 significatio
498 3600 740 3665 aoouratissime
763 3600 966 3683 deseribitur,
995 3608 1122 3667 Plautus
1145 3601 1290 3667 dativum

168 3718 360 3782 personae
382 3700 534 3785 adposuit
556 3702 629 3768 Cas
641 3703 691 3771 IIl
708 3706 734 3786 3,
751 3706 784 3768 8:
807 3703 971 3786 ‘Rogitare
988 3709 1112 3788 oportet
1134 3705 1223 3789 prius
1238 3755 1245 3771 .
1260 3754 1290 3770 ..

168 3800 295 3865 adsitne
325 3802 451 3867 animus
475 3803 504 3869 ei
526 3823 640 3886 neone,
671 3825 763 3887 quem
788 3806 948 3888 advoeet’,
975 3806 1089 3873 Baeeh.
1112 3809 1189 3873 718:
1212 3807 1290 3873 ‘OH.

166 3904 341 3969 Pistoclero
361 3904 450 3969 nulla
471 3906 631 3972 amicast?
675 3908 746 3973 MN.
772 3909 873 3973 Immo
903 3909 997 3973 adest
1019 3907 1100 3993 (soil.
1122 3908 1174 3995 ei),
1197 3913 1290 3975 Truo.

166 4006 212 4071 IV
236 4009 263 4087 3,
286 4007 326 4071 39
358 4006 414 4089 qui
443 4027 554 4073 versus
584 4011 630 4074 sie
651 4011 686 4074 in
707 4010 734 4074 Β
757 4011 894 4095 seriptus
917 4016 981 4076 est:
1014 4010 1084 4075 ‘Vir
1106 4020 1188 4095 erat,
1217 4012 1290 4095 plus

167 4109 306 4192 valebat,
321 4108 408 4193 vioit,
431 4111 516 4192 quod
532 4112 662 4195 petebat
677 4113 829 4196 adstuni',
852 4113 883 4177 in
901 4113 926 4179 Ο
942 4133 1000 4198 pro
1023 4112 1178 4178 ‘adstuni’
1201 4119 1290 4178 extat

165 4211 271 4277 ‘adest
301 4211 378 4279 vni'.
427 4232 553 4278 versum
587 4214 632 4279 sio
662 4215 803 4280 restituit
833 4216 971 4281 Pareus:
1008 4214 1077 4280 ‘Vir
1107 4222 1177 4279 erat
1192 4262 1289 4282 .....

166 4314 252 4393 quod
274 4313 405 4397 petebat
427 4316 480 4379 uni
504 4316 619 4399 adest’‚
643 4315 760 4381 reotius
776 4317 991 4401 Camerarius,
1014 4337 1108 4399 quem
1124 4316 1289 4381 novissimi

166 4413 305 4481 editores
334 4418 434 4482 secuti
463 4424 548 4501 sunt,
579 4417 722 4502 seripsit:
756 4418 826 4483 ‘Vir
847 4427 917 4484 erat
931 4466 1029 4486 .....
1045 4419 1131 4501 quod
1157 4418 1289 4504 petebat

165 4514 321 4585 abstulit‘.
364 4539 468 4602 neque
491 4520 678 4585 Truoulenri
708 4539 822 4587 versus
835 4522 881 4587 IV
900 4524 929 4606 2,
951 4524 992 4586 12
1015 4519 1072 4608 ita,
1093 4528 1128 4587 ut
1149 4521 1183 4587 in
1204 4520 1288 4587 eodi-
