2850 5002
1237 547 1275 609 21

36 783 37 786 ,
152 735 251 800 quam
273 715 363 781 ‘item
386 733 474 798 esse,
503 717 538 778 ut
560 732 649 778 mare
672 712 726 778 sit'
758 711 801 797 (r.
827 710 878 797 16)
906 711 1092 779 existimat:
1109 720 1278 796 utrumqne

152 817 237 884 enim
260 817 347 900 quod
369 816 440 900 quis
462 815 517 881 det
532 816 695 899 devorare,
719 814 776 880 sed
798 813 832 878 in
855 813 915 879 1000
937 813 1074 899 differre,
1096 814 1181 898 quod
1195 837 1279 882 mare

151 919 232 985 illud
262 919 348 1002 quod
379 917 409 985 ei
438 917 540 983 subsit
562 917 591 984 h.
615 937 641 984 e.
663 917 816 983 inieotum
840 917 881 982 sit
902 918 950 982 ita
980 917 1093 982 saltem
1122 917 1156 982 in
1178 917 1277 983 fundo
1400 986 1403 991 ,

153 1026 269 1104 servet,
291 1026 325 1086 ut
347 1040 455 1085 rursus
478 1020 645 1104 adpareat,
668 1018 710 1107 (si
734 1019 799 1084 soil.
822 1039 880 1103 per
899 1020 1080 1085 urinatores
1102 1019 1279 1105 repetitur),

154 1122 282 1188 numid
305 1123 389 1205 quod
404 1130 558 1190 meretrici
580 1123 693 1188 datum
715 1122 757 1187 sit
779 1142 953 1205 numquam
970 1122 1131 1208 adpareat
1152 1126 1277 1205 “neque

153 1224 259 1291 datori
274 1245 378 1309 neque
401 1224 592 1311 aooeptrioi'’
616 1224 659 1310 (v.
678 1224 739 1310 18).
784 1244 849 1308 qua
871 1245 905 1291 re
928 1224 1022 1290 leutio
1042 1245 1140 1309 supra
1162 1225 1278 1310 posita,

151 1327 339 1413 praesertim
356 1348 426 1394 oum
443 1328 576 1413 propius
591 1328 726 1393 aooedat
747 1327 791 1392 ad
814 1327 1005 1411 scripturam
1021 1326 1165 1392 oodienm
1180 1347 1277 1410 qnam

153 1431 240 1514 quod
263 1431 361 1515 vulgo
383 1430 510 1513 legitur,
532 1431 584 1496 vel
606 1429 747 1495 maxime
769 1429 848 1494 mihi
869 1431 984 1514 placet,
1006 1430 1064 1495 sed
1086 1428 1166 1494 illud
1181 1429 1275 1494 offen·

151 1531 207 1616 dit,
228 1532 314 1615 quod
336 1539 394 1599 100
415 1539 446 1598 01
469 1540 515 1599 illi
537 1533 580 1598 ad
596 1532 733 1598 eandem
749 1553 815 1598 rem
832 1531 891 1617 (ad
908 1550 996 1598 mare
1012 1531 1092 1619 soil.)
1107 1530 1276 1598 referenda

152 1638 249 1699 sunt:
265 1634 299 1698 id
322 1633 408 1717 quod
430 1654 470 1700 ne
491 1634 699 1720 Spengelium
722 1634 850 1717 quidem
873 1633 993 1717 effugit.
1037 1633 1078 1699 de
1093 1633 1277 1719 pyrrhichio

151 1733 286 1800 ‘subest’
309 1742 415 1803 autem
438 1757 521 1801 nuno
543 1758 607 1802 non
630 1756 765 1819 quaero:
787 1754 860 1802 eum
883 1736 968 1800 enim
991 1736 1067 1801 ferri
1081 1756 1177 1820 posse
1200 1735 1278 1802 dioit

153 1837 351 1922 Spengelius,
373 1846 471 1924 negat
492 1839 688 1905 Ritsohelius
711 1838 766 1921 qui
788 1839 874 1904 Trin.
901 1840 982 1902 1118
1005 1859 1062 1924 pro
1086 1838 1187 1920 ‘quod
1210 1837 1278 1922 agit

151 1939 261 2006 subest
289 1940 428 2008 adseoue
459 1941 614 2025 sequitur’
645 1941 773 2026 scripsit
800 1939 905 2019 ‘Quod
934 1941 1002 2024 agit
1025 1941 1109 2006 subit
1140 1940 1277 2007 adseeua

150 2043 316 2125 sequitur'.
358 2063 463 2125 neque
486 2045 595 2128 inepte
618 2043 808 2128 Spengelius
831 2042 891 2108 hoo
914 2044 1046 2109 verbum
1070 2044 1162 2109 Troo.
1185 2043 1230 2108 IV
1249 2046 1277 2127 2,

152 2148 186 2208 3:
207 2144 316 2210 ‘Nunc
338 2144 413 2209 dnm
435 2150 547 2224 subest,
572 2144 646 2210 dum
667 2145 773 2231 habet,
795 2152 922 2230 tempus
945 2145 974 2211 ei
997 2146 1044 2212 rei
1060 2145 1278 2211 seeundumst’

152 2245 316 2312 substituit
344 2267 403 2332 pro
432 2255 503 2313 10011
530 2253 611 2314 iubet
641 2247 727 2330 quod
754 2253 900 2333 corrupte
925 2247 1077 2313 exhibent
1108 2247 1190 2315 libri.
1234 2247 1277 2313 ad

150 2348 231 2414 illud
253 2347 344 2414 ‘dum
361 2348 481 2416 subest'
504 2357 612 2415 autem
628 2350 779 2435 ‘pecunia
794 2350 946 2416 amatori’
969 2355 1075 2416 mente
1091 2348 1275 2417 addendum

149 2470 255 2518 essee
284 2452 515 2517 sententiarum
547 2472 633 2517 nexu
655 2453 800 2537 adparet.
843 2459 1014 2538 praeterea
1036 2451 1121 2517 idem
1145 2451 1276 2517 verbum

149 2554 266 2638 legitur
280 2555 372 2622 Most.
396 2557 472 2620 920:
493 2556 550 2621 ‘ne
573 2575 639 2638 qua
656 2574 756 2620 eausa
779 2554 913 2639 supsiet’
936 2556 1025 2620 nullo
1049 2573 1126 2619 oasu
1141 2553 1277 2621 adieoto.

240 2661 287 2723 10.
329 2660 497 2742 Superesse
519 2657 580 2743 (Pl.
603 2656 691 2742 Ter).
733 2656 809 2722 huie
829 2656 935 2738 verbo,
958 2676 1028 2721 oum
1052 2655 1213 2739 signifieat
1228 2679 1276 2723 re·
1351 2678 1355 2683 ·

152 2765 249 2839 linque·
263 2763 319 2824 aut
333 2767 456 2826 nimium
470 2783 548 2839 esse,
572 2780 762 2844 personae
784 2759 929 2825 dativum
949 2758 1134 2824 adiecerunt
1148 2766 1277 2826 Plautus

154 2859 244 2926 Oura.
268 2862 320 2927 85:
349 2860 397 2926 ‘Si
420 2861 498 2943 quid
527 2882 624 2947 super
645 2862 695 2927 illi
717 2861 826 2946 fuerit,
858 2860 891 2926 id
914 2861 1006 2926 nobis
1029 2867 1080 2925 sat
1102 2861 1172 2945 est’‚
1194 2861 1276 2927 Men.

153 2964 226 3028 221:
259 2963 376 3045 ‘neqne
411 2963 508 3029 dedat
542 2983 648 3047 neque
684 2963 834 3049 supersit’
870 2962 952 3048 (soil.
984 2961 1045 3046 iis),
1082 2963 1170 3029 Pers.
1201 2965 1276 3027 331:

151 3062 259 3142 ‘Quae
288 3084 339 3131 res
368 3065 449 3131 bene
479 3070 585 3130 vortat
614 3066 658 3130 mi
680 3071 713 3131 et
734 3065 792 3130 tibi
815 3071 846 3131 et
868 3066 971 3131 ventri
996 3084 1067 3131 meo
1090 3064 1275 3130 Perennita-

151 3172 279 3250 temque
309 3167 392 3234 adeo
421 3167 494 3232 huic
516 3173 684 3253 perpetuet
706 3166 768 3231 eibi
790 3167 833 3232 Ut
856 3167 933 3232 mihi
961 3167 1102 3251 supersit
1124 3172 1275 3251 suppetat

151 3269 358 3355 superstitet‘‚
385 3278 542 3338 Terentius
557 3270 682 3335 Phorm.
700 3273 773 3335 162:
796 3269 883 3335 ‘Tibi
907 3269 983 3351 quia
1005 3275 1151 3354 superest
1166 3268 1274 3352 dolet'‚

151 3371 226 3438 ibid.
249 3375 302 3439 69:
332 3373 406 3438 ‘Oui
436 3379 528 3438 tanta
557 3379 628 3438 erat
657 3391 708 3438 res
731 3377 763 3438 et
792 3391 887 3456 super
909 3371 1001 3438 erat’.
1044 3371 1100 3436 rei
1129 3371 1275 3436 dativum

152 3475 259 3556 posuit
275 3482 414 3555 Plautus,
438 3494 509 3540 oum
532 3474 592 3540 hoo
610 3474 740 3540 verbum
765 3473 924 3559 signifieat
945 3473 1161 3557 ‘superstitem
1183 3471 1277 3555 esse',

153 3574 243 3640 Asin.
262 3578 315 3640 16:
331 3577 425 3641 ‘siout
440 3582 530 3642 tuum
545 3576 596 3643 vis
606 3576 734 3643 unionm
748 3583 879 3661 gnatum
895 3580 970 3641 tuae
982 3574 1158 3660 Superesse
1172 3575 1276 3642 ritae'.

610 3955 813 3966 ——-—...-.
