2850 5002
151 604 328 670 sententiae
345 610 401 669 aut
417 603 571 668 sermonis
587 610 644 668 aut
660 604 898 688 exploratarum
910 608 1006 685 atque
1021 601 1271 667 indubitatarum

150 708 256 789 legum
293 705 497 771 metricanum
543 706 735 771 detrimento
780 704 959 770 desiderari
1000 725 1064 769 non
1102 703 1272 788 possunt’':

151 808 238 892 quod
267 807 320 873 vel
351 807 492 873 maxime
521 809 556 872 in
587 808 843 892 praepositiones
865 806 981 873 cadere
1011 807 1090 871 satis
1113 826 1273 891 superque

150 910 294 995 cognovi.
347 929 419 974 cum
449 909 547 993 igitur
576 910 772 995 praepositio
807 908 968 974 intercidit
1002 927 1107 993 neque
1128 914 1273 992 metrum,

153 1014 238 1097 quod
272 1011 400 1096 quidem
430 1031 561 1098 perraro
594 1012 713 1077 laetum
747 1018 810 1097 est,
847 1013 1064 1097 perturbatur,
1102 1012 1275 1096 quaeritur,

149 1121 256 1181 utrum
290 1133 393 1199 genus
431 1114 556 1180 dicendi
589 1115 659 1181 eius
690 1126 806 1199 poetae
837 1114 926 1198 apud
965 1133 1060 1197 quem
1090 1114 1271 1198 exemplum

150 1218 266 1301 legitur
296 1217 570 1301 praepositionem
609 1217 720 1299 utique
748 1222 862 1301 poscat
892 1236 935 1281 an
967 1217 1077 1299 aliquo
1108 1217 1202 1281 modo
1234 1236 1273 1282 ea

150 1320 263 1386 deesse
284 1319 395 1403 possit
439 1339 504 1402 qua
529 1320 563 1383 in
584 1339 620 1385 re
643 1338 769 1405 semper
791 1340 855 1385 non
877 1319 911 1384 id
935 1319 1036 1384 solum
1061 1319 1147 1402 quod
1169 1319 1271 1385 estin

151 1421 312 1488 codicibus
335 1421 580 1488 accuratissime
602 1422 717 1506 notari,
740 1421 796 1488 sed
818 1422 898 1488 illud
921 1441 1047 1505 quoque
1071 1423 1156 1505 quod
1177 1421 1272 1487 inter-

148 1530 256 1610 pretes
284 1523 488 1606 editoresque
518 1522 562 1588 ad
590 1524 696 1589 locum
727 1523 767 1590 de
795 1544 857 1606 quo
880 1524 986 1608 agitur
1008 1530 1064 1589 aut
1091 1523 1273 1589 sanandum

150 1632 205 1692 aut
241 1626 467 1711 explicandum
497 1627 758 1710 excogitaverunt
787 1628 886 1711 paulo
916 1627 1076 1711 copiosius
1105 1646 1202 1710 quam
1239 1627 1273 1691 in

149 1728 224 1794 aliis
262 1728 506 1813 quaestionibus
535 1728 756 1813 grammaticis
786 1735 818 1795 et
846 1728 966 1795 adferri
996 1735 1028 1795 et
1056 1728 1090 1794 in
1119 1728 1272 1794 iudicium

149 1831 259 1896 vocari
290 1851 370 1916 opus
400 1836 458 1897 est.
503 1831 588 1914 quod
618 1831 645 1896 si
675 1831 747 1914 quis
774 1830 1029 1916 reprehenderit,
1054 1836 1166 1916 utpote
1188 1831 1274 1914 quod

150 1932 305 1998 inutiliter
320 1932 499 1998 admixtum
522 1933 572 2017 sit,
594 1933 635 1999 de
651 1933 946 2016 antiquissimorum
968 1939 1136 2018 poetarum
1157 1953 1274 2017 genere

150 2035 278 2101 dicendi
301 2035 414 2119 quaeri
429 2036 649 2102 obliviscetur:
671 2056 746 2101 nam
769 2056 863 2102 nemo
886 2037 1020 2121 ignorat,
1042 2042 1162 2119 quanto
1178 2055 1274 2120 opere

148 2138 211 2203 riri
240 2138 324 2203 docti
353 2137 394 2204 de
423 2138 486 2203 illis
508 2138 588 2223 ipsis
611 2138 706 2204 rebus
732 2137 816 2204 inter
839 2158 873 2205 se
896 2139 1103 2224 dissentiant,
1125 2158 1210 2223 quae
1232 2138 1273 2204 iis

149 2241 204 2324 qui
232 2241 267 2305 in
297 2241 453 2327 suspectis
482 2240 561 2306 locis
592 2241 748 2307 sanandis
771 2248 940 2308 versantur
963 2261 1140 2324 numquam
1167 2242 1274 2325 negle-

149 2342 275 2427 gendae
298 2347 388 2425 sunt,
419 2342 517 2409 veluti
548 2343 588 2409 de
610 2343 811 2429 syllabarum
832 2364 984 2411 mensura
1006 2350 1063 2409 aut
1087 2343 1128 2409 de
1148 2342 1273 2426 legibus

148 2445 296 2512 metricis.
339 2465 445 2529 neque
467 2464 543 2510 vero
566 2446 647 2511 illud
669 2466 733 2511 non
763 2466 878 2531 agam,
906 2452 954 2532 ut,
984 2444 1194 2530 quantumin
1217 2444 1271 2509 ad-

148 2547 295 2613 hibendis
309 2547 415 2614 verbis
433 2548 618 2633 compositis
634 2548 826 2633 posteriores
847 2556 966 2635 poetae
980 2549 1022 2613 ab
1037 2546 1272 2630 antiquioribus

149 2649 345 2735 dissideant,
374 2650 575 2736 perquiram:
606 2670 802 2734 quamquam
834 2652 916 2719 haec
941 2650 1124 2735 disquisitio
1150 2650 1217 2716 fere
1240 2650 1273 2714 in

149 2753 265 2818 Plauto
288 2759 319 2819 et
334 2753 484 2819 Terentio
507 2755 692 2836 continetur,
715 2774 785 2819 cum
801 2754 993 2821 relicuorum
1008 2759 1175 2840 poetarum
1189 2752 1273 2837 frag-

150 2860 259 2922 menta
288 2861 355 2920 tam
378 2855 556 2940 depravata
583 2860 682 2938 atque
709 2857 827 2941 exigua
849 2858 928 2942 sint,
956 2856 1073 2923 utrix
1102 2857 1277 2940 quiequam

149 2958 227 3024 certi
250 2977 290 3023 ex
312 2957 353 3022 iis
374 2956 456 3023 effici
480 2957 558 3023 milri
580 2958 739 3026 videatur.

233 3061 303 3126 Iam
341 3058 478 3144 adparet
507 3060 585 3124 mihi
615 3061 819 3146 potissimum
857 3061 898 3126 de
932 3058 1059 3126 dicendi
1090 3057 1273 3124 discrimine

151 3161 371 3245 quaerendum
395 3181 467 3228 esse
490 3161 575 3245 quod
597 3167 645 3228 est
666 3161 750 3229 inter
772 3162 916 3228 dativum
938 3168 971 3228 et
990 3161 1159 3248 repetitam
1181 3178 1273 3244 prae·

150 3264 350 3350 positionem.
397 3264 508 3348 itaque
523 3263 639 3331 dixerit
661 3265 822 3350 quispiam
845 3264 945 3331 mein
966 3264 1027 3330 hac
1048 3283 1083 3330 re
1104 3262 1273 3347 erravisse,

150 3366 238 3449 quod
261 3366 301 3433 de
323 3366 364 3431 iis
386 3386 514 3450 quoque
535 3368 643 3433 verbis
666 3367 846 3454 disputavi,
876 3386 961 3451 quae
982 3364 1178 3451 praepositio
1200 3385 1273 3430 nns-

150 3488 246 3553 quam
270 3469 426 3553 sequitur,
448 3469 519 3535 dico
551 3469 705 3536 ‘evenire’
735 3468 933 3537 ‘succedere'
963 3469 1090 3535 omnino
1114 3488 1153 3535 ea
1174 3467 1274 3535 verba

149 3570 334 3656 composita,
364 3591 499 3655 quorum
522 3573 719 3658 praepositio
748 3573 913 3657 propriam
940 3572 992 3659 (ci.
1014 3593 1045 3657 p.
1060 3570 1094 3658 2)
1120 3571 1186 3637 vim
1208 3590 1273 3635 non

150 3674 290 3739 serravit
321 3672 398 3761 (rid.
421 3674 546 3760 Zumpt.
568 3678 588 3758 ὅ
611 3679 672 3738 415
696 3674 827 3760 adnot).
879 3694 958 3742 sane
986 3694 1028 3741 ne
1055 3695 1115 3759 ego
1143 3672 1272 3758 quidem

148 3774 259 3858 ignoro
290 3795 330 3841 ea
361 3776 461 3842 verba
490 3777 534 3842 ad
554 3783 698 3843 nostrum
728 3777 926 3862 propositum
955 3776 1085 3862 proprie
1113 3796 1177 3842 non
1203 3794 1272 3858 per-

149 3877 260 3962 tinere,
283 3878 434 3961 quoniam
457 3879 587 3945 dativus
610 3880 665 3962 qui
686 3879 728 3945 iis
749 3878 888 3945 adicitur
916 3900 981 3945 non
1002 3879 1160 3967 pendete
1182 3873 1271 3941 verbi

150 3999 221 4046 cum
244 3979 485 4065 praepositione
508 3981 737 4066 compositione
760 3981 825 4065 vel,
848 3987 884 4046 ut
905 3983 1021 4048 clarius
1042 3980 1161 4063 dicam,
1182 3996 1272 4061 prae·

147 4082 316 4167 positionis
356 4101 429 4147 cum
468 4101 546 4148 casu
584 4083 714 4150 iunctae
745 4102 875 4150 munere
911 4104 976 4149 non
1008 4081 1159 4164 fungitur.
1213 4077 1271 4144 scd

147 4185 309 4268 Ignatium
338 4190 466 4251 secutus
494 4204 532 4250 eo
560 4186 664 4269 magis
693 4186 774 4252 haec
803 4185 903 4252 verba
929 4185 1028 4267 digna
1055 4202 1127 4249 esse
1148 4182 1272 4267 putavi,

149 4286 326 4370 dequibus
349 4293 511 4371 ageretur,
541 4288 628 4371 quod
655 4309 720 4355 non
742 4289 846 4354 solum
873 4305 928 4352 eos
950 4285 1007 4369 qui
1029 4285 1271 4369 quaestionibus

148 4387 366 4472 grammaticis
385 4409 517 4474 operam
532 4388 620 4475 dant,
642 4389 700 4456 sed
722 4389 822 4456 etiam
845 4387 971 4473 eosqui
992 4386 1027 4453 in
1048 4386 1161 4455 lexicis
1176 4386 1271 4454 Plau·
