2850 5002
1231 564 1271 623 39

149 737 346 822 praepositio
375 736 473 802 semel
496 735 539 800 ad
565 736 669 800 locum
699 732 941 817 significandum
967 732 1136 797 adhibetur
1159 739 1270 798 Pocae.

149 863 179 908 v.
203 844 276 906 367:
299 843 455 920 ‘saxoque
476 841 596 904 instare
618 839 651 903 in
674 836 827 921 globoso’.

237 947 287 1008 41.
331 944 478 1010 Insultare
507 941 607 1007 semel
628 941 796 1006 transitive
819 939 934 1004 dicitur
957 943 1072 1004 Terent.
1093 939 1174 1003 Eun.
1196 940 1271 1002 285:

150 1045 204 1110 ‘ne
225 1051 260 1109 tu
274 1044 353 1109 istas
376 1044 455 1130 (scil.
471 1045 571 1127 fores)
586 1045 663 1108 faxo
679 1043 819 1108 calcibus
836 1061 933 1126 saepe
949 1039 1116 1105 insultabis
1131 1038 1271 1106 frustra’.

236 1150 286 1213 42.
329 1148 473 1215 invadere
496 1146 596 1232 (Aeo.)
613 1147 711 1212 semel
733 1166 804 1209 oum
826 1145 937 1210 dativo
956 1145 1098 1207 iunctum
1114 1143 1271 1227 reperitur

150 1251 235 1335 apud
258 1257 381 1316 Accium
402 1271 432 1315 v.
455 1255 530 1315 455:
553 1249 655 1327 ‘Quae
677 1248 841 1313 vastitudo
864 1248 945 1312 haec
967 1253 1023 1311 aut
1045 1246 1130 1311 unde
1152 1245 1272 1310 invasit

151 1353 253 1438 mihi’,
282 1353 336 1418 ubi
360 1352 517 1436 significat
547 1351 763 1436 contingere.
815 1352 901 1435 apud
924 1359 1070 1416 Plautum
1098 1369 1161 1413 non
1183 1352 1271 1412 extat

149 1457 213 1521 nisi
227 1456 261 1521 id
276 1476 378 1539 genus
394 1455 507 1538 dativi,
522 1475 584 1538 quo
601 1475 667 1520 rem
683 1455 843 1539 pertinere
859 1454 902 1518 ad
917 1454 1057 1535 aliquem
1073 1449 1270 1535 indicatur·,¹)

149 1561 208 1643 Ep.
230 1559 267 1625 V.
289 1563 316 1642 2,
340 1563 371 1623 5:
403 1558 463 1622 ‘ita
485 1558 560 1621 dum
583 1566 613 1623 te
636 1574 752 1640 sequor
774 1556 980 1621 Lassitudine
1008 1555 1195 1619 invaserunt
1216 1554 1272 1617 mi-

150 1682 220 1727 sero
243 1663 276 1725 in
298 1681 404 1744 genua
426 1660 579 1727 flemina’.
622 1660 672 1726 bis
695 1666 802 1725 antem
825 1660 910 1724 idem
932 1668 1028 1743 poeta
1051 1657 1270 1723 accusativum

149 1764 258 1848 posuit
281 1764 367 1829 Trin.
389 1767 442 1828 27:
466 1765 555 1828 ‘nam
577 1763 629 1828 hio
651 1763 784 1827 nimium
807 1762 937 1826 morbus
952 1781 1056 1826 mores
1078 1761 1199 1824 invasit
1220 1759 1272 1823 bo

149 1867 229 1951 nos’,
251 1867 339 1932 Asin.
363 1872 417 1932 55:
446 1865 507 1932 ‘set
538 1887 609 1932 eum
634 1867 762 1931 morbus
792 1865 911 1930 invasit
933 1863 1064 1948 gravis'.
1109 1868 1272 1928 Pacatulam

150 1969 209 2034 hoc
237 1969 370 2035 verbum
392 1970 561 2034 transitive
592 1969 777 2034 adhibuisse
799 1968 889 2033 testis
913 1974 962 2032 cst
985 1967 1115 2032 Servius
1137 1967 1171 2028 in
1194 1965 1271 2029 rien.

149 2073 203 2155 IV,
225 2075 295 2153 473,
317 2072 372 2153 qui
387 2090 427 2135 en
449 2072 504 2135 illo
519 2071 579 2135 hoe
602 2071 719 2135 adfert:
742 2070 968 2135 ‘invadebatur
983 2089 1004 2133 a
1017 2069 1142 2133 Furiis'.
1180 2085 1272 2151 prae-

151 2174 308 2259 positione
337 2180 445 2238 autem
475 2173 612 2257 repetita
642 2175 730 2238 Iocus
758 2172 919 2237 indIeatur
947 2179 1045 2237 Pluut.
1076 2171 1164 2236 Asin.
1194 2170 1272 2233 908:

150 2277 197 2341 ‘in
221 2277 328 2341 oculos
351 2285 459 2343 cuculo
489 2277 631 2340 invadiet
654 2274 841 2360 optumum,
870 2274 985 2339 Bacch.
1008 2278 1082 2338 711:
1104 2271 1270 2336 ‘invadam

149 2380 310 2464 extemplo
344 2379 376 2442 in
408 2379 561 2463 oppidum
593 2380 734 2444 anticum
766 2386 798 2442 et
828 2376 986 2463 vetus’2)‚
1022 2383 1106 2442 Coeo.
1139 2397 1167 2441 v,
1196 2379 1272 2441 217:

148 2483 171 2567 ἦ.
192 2532 200 2546 .
222 2530 229 2544 .
253 2532 260 2548 .
281 2487 394 2547 tantan
417 2480 490 2546 hinc
502 2481 624 2546 invasit
645 2483 679 2546 in
703 2481 853 2546 corollam
878 2479 1088 2558 dulcitas?’³)
1115 2486 1272 2545 Terentius

150 2584 249 2649 semel
270 2582 330 2648 hoc
352 2584 485 2648 verbum
509 2584 655 2649 absolute
678 2583 824 2649 adhibuit
846 2584 923 2649 Hec.
946 2586 1016 2649 356.

237 2690 286 2751 43.
333 2688 469 2754 involare
492 2685 607 2772 (Aur)
629 2687 748 2751 idcirco
772 2685 1084 2751 commemorandum
1107 2704 1178 2750 esse
1193 2683 1272 2747 mihi

151 2787 283 2871 videtur,
306 2789 391 2872 quod
413 2808 497 2852 nunc
519 2809 582 2853 uno
604 2796 734 2871 Afranii
754 2789 824 2855 loco
848 2789 890 2854 ab
914 2788 1038 2853 Isidoro
1061 2789 1137 2870 orig.
1160 2786 1224 2850 XII
1244 2787 1272 2867 8,
1383 2796 1386 2803 '

156 2894 193 2955 16
217 2895 344 2955 servato
360 2890 592 2975 Ribbeckinsll
615 2892 758 2956 dativum
783 2891 814 2955 ei
837 2891 954 2956 adiecit
977 2890 1021 2954 sio
1044 2889 1197 2954 scribens:
1220 2891 1272 2952 ‘cx

153 3012 206 3058 ore
228 2993 272 3057 mi
295 2993 394 3057 oculis
415 2994 462 3057 tni
485 2992 617 3058 bibones
646 2993 810 3058 involant!
855 2993 935 3057 illud
965 2993 1083 3057 ‘oculis
1111 2989 1271 3055 involant'

152 3095 272 3161 confert
301 3095 532 3180 RibbeokiusI)
561 3116 633 3160 oum
663 3097 776 3161 Lucilii
809 3096 985 3178 fragmento
1014 3094 1101 3179 apud
1131 3094 1270 3158 Nonium

151 3220 181 3283 p.
194 3201 242 3283 33,
269 3203 282 3262 1
308 3219 376 3263 sv.
399 3198 583 3264 involare
614 3204 751 3282 servato,
781 3197 868 3280 quod
899 3198 968 3282 ipse
996 3197 1134 3283 scripsit:
1162 3195 1182 3260 ‘.
1205 3246 1212 3261 .
1234 3244 1272 3259 ..

151 3302 226 3366 inde
237 3302 352 3367 canino
365 3301 412 3366 ori
427 3301 489 3367 ritu
501 3300 555 3366 olli
570 3302 732 3382 oculisque
745 3300 906 3365 involem'
943 3300 1000 3364 sed
1012 3300 1065 3365 hic
1076 3299 1193 3364 Lucilii
1204 3317 1272 3362 ver-

152 3424 206 3468 sus
227 3405 298 3489 ipse
319 3411 465 3469 nontam
486 3410 591 3469 certus
606 3423 768 3485 sanusque
784 3410 841 3488 est,
866 3409 900 3468 ut
915 3409 1102 3487 argumento
1117 3421 1188 3467 esse
1202 3421 1273 3485 pos-

152 3505 201 3570 sit.
244 3507 362 3572 deinde
383 3525 477 3572 nemo
494 3508 596 3589 exiis,
621 3506 660 3571 de
683 3506 797 3588 quibus
817 3507 931 3590 agitur,
945 3505 1050 3590 poetis
1064 3505 1124 3570 hoc
1138 3503 1270 3568 verbum

153 3628 224 3672 eum
247 3607 355 3672 dativo
371 3609 543 3690 coniunxit,
566 3609 623 3673 sed
639 3628 766 3693 semper
788 3630 859 3673 cum
874 3607 1119 3694 praepositione.
1162 3606 1272 3688 itaque

152 3709 259 3776 nescio
276 3730 372 3775 aner
389 3711 504 3775 Isidori
520 3711 672 3776 librorum
689 3711 835 3794 vestigiis
846 3710 873 3796 6)
896 3709 1088 3775 confidenter
1103 3709 1170 3792 hoc,
1185 3709 1271 3792 quod

151 3811 214 3897 ipsi
237 3811 411 3877 Ribbeekio
440 3813 517 3878 olim
540 3814 716 3898 placuerat,
738 3812 1027 3879 reconcinnandum
1057 3812 1109 3876 sit:
1132 3813 1194 3876 ‘Ex
1217 3832 1272 3877 ore

150 3916 183 3980 in
206 3915 314 3980 oeulos
329 3915 376 3979 tui
396 3916 528 3981 bibones
544 3917 587 3981 mi
603 3915 770 3981 involant’
794 3936 929 3998 quacum
946 3915 1103 3999 scriptura
1119 3915 1157 3981 cf.
1171 3923 1271 3980 Ptout.

239 4123 259 4185 ¹)
276 4118 311 4175 cf.
328 4137 355 4189 p.
377 4123 407 4174 15
425 4120 519 4176 adnot.
535 4126 557 4175 1.

237 4208 260 4273 ²)
278 4205 311 4261 cf.
330 4207 513 4275 Kampmann.
550 4206 632 4261 dere
650 4206 728 4261 milit.
746 4224 772 4277 p.
792 4210 815 4260 8.

236 4294 258 4358 ³)
275 4292 315 4346 sic
331 4308 395 4346 eum
413 4291 571 4347 RibbecIrio
589 4293 659 4361 lego.

235 4379 259 4443 ⁴)
276 4393 343 4432 com.
362 4376 396 4432 fr.
413 4394 440 4447 p.
459 4380 518 4433 216.

237 4463 261 4529 ⁵)
277 4463 370 4517 coroll.
387 4480 415 4533 p.
433 4462 592 4518 LXXVIII.

237 4546 260 4614 ⁶)
277 4545 311 4601 ef.
329 4546 412 4604 Ribb.
430 4548 522 4604 adnot.
539 4548 600 4605 crit.
618 4548 654 4603 ad
671 4547 697 4602 h.
715 4550 733 4603 l.
