2850 5002
43 29 1013 241 u

1231 534 1272 595 25

151 710 267 789 potest,
289 704 374 788 quod
390 710 486 789 poeta
501 708 624 768 noctem
642 708 810 785 tamquam
831 721 989 787 personae
1002 701 1073 767 vice
1088 701 1273 785 fungentem

149 807 235 875 facit.
270 807 328 872 sed
349 826 421 871 curn
444 805 649 872 accusativus
671 824 829 889 personae
851 804 952 870 semel
974 809 1100 869 tantum
1121 824 1143 868 a
1158 803 1273 869 Plauto

148 909 273 995 positus
299 910 356 994 sit,
386 909 587 975 scribendum
617 927 689 974 esse
719 914 813 993 puto:
844 909 963 974 ‘Tanto
991 906 1119 973 brevior
1149 906 1218 972 dies
1240 911 1274 971 ut

148 1011 204 1077 fiat
226 1011 360 1096 faciam,
392 1012 502 1096 dispar
533 1016 567 1076 ut
589 1010 659 1076 dies
683 1011 794 1093 Aeque
816 1018 859 1077 ud
885 1015 1011 1075 noctem
1037 1008 1177 1075 accedat.
1221 1008 1273 1074 ibo

150 1120 182 1179 et
208 1113 397 1180 Mercurium
428 1112 628 1197 subsequan’
673 1113 867 1178 novissimus
895 1111 1136 1197 Amphitruonis
1162 1110 1274 1193 editor,

150 1222 185 1282 ut
222 1216 282 1282 hoc
320 1223 450 1302 propter
491 1217 668 1282 novitatem
707 1216 754 1282 rei
787 1235 1045 1300 commemorem,
1091 1213 1273 1280 Richterum

149 1325 277 1385 secutus
300 1319 443 1404 scripsit:
467 1320 586 1384 ‘Tanto
609 1368 617 1385 .
639 1368 647 1384 .
669 1368 676 1383 .
698 1367 705 1384 .
728 1318 862 1402 faciam,
889 1323 1050 1400 utaequa
1080 1317 1245 1402 disparet
1269 1316 1273 1402 Ι

149 1421 228 1487 Dies
258 1442 276 1487 e
306 1427 399 1487 nocte
428 1421 571 1486 accedat.
615 1420 668 1485 ibo
698 1427 729 1485 et
752 1420 940 1486 Mercurium
968 1418 1165 1503 subsequar!
1210 1418 1275 1503 sed,

149 1528 184 1587 ut
198 1523 240 1588 de
255 1523 329 1589 aliis
349 1529 489 1606 taceam,
511 1522 572 1587 1166
594 1522 777 1587 6611661616
799 1528 930 1608 recepta
954 1523 1091 1607 adparet
1112 1521 1192 1587 illud
1214 1522 1274 1587 ‘et’

150 1645 207 1708 pro
230 1623 357 1690 ‘etiam’
379 1624 562 1690 habendum
586 1644 670 1708 esse,
703 1625 787 1707 qnod
810 1624 897 1710 apud
918 1626 1070 1690 Plautum
1094 1624 1274 1690 inauditum

150 1746 221 1792 esse
250 1746 291 1793 ue
320 1727 440 1793 tirones
471 1727 599 1811 quidem
633 1727 790 1812 ignorant.
838 1727 882 1794 ad
910 1729 1137 1794 removendum
1166 1732 1274 1793 autem

149 1829 272 1894 hiatum
296 1831 330 1898 Ο.
345 1830 379 1895 F.
395 1831 445 1896 W.
460 1831 634 1896 Muellerus
657 1831 784 1915 scripsit
805 1831 993 1897 ί1116116661
1009 1830 1094 1915 sqq),
1116 1831 1201 1915 quod
1215 1829 1275 1894 hoc

151 1934 221 1998 loco
244 1953 307 1997 non
329 1940 378 1998 cst
400 1933 628 1999 necessarium.

238 2037 284 2098 13.
328 2035 469 2103 decidere
493 2033 681 2121 (Terdec.)
712 2055 782 2099 cum
814 2034 923 2100 dativo
949 2035 1090 2100 iunctum
1118 2033 1275 2118 reperitur

150 2137 238 2221 apud
269 2136 454 2202 Terentium
484 2143 516 2202 et
545 2136 686 2204 Accium.
743 2144 861 2203 Terent.
893 2136 1019 2203 Phorm.
1041 2140 1120 2201 250:
1147 2137 1274 2201 ‘horum

151 2238 230 2303 nihil
253 2238 424 2321 quicquam
447 2239 573 2304 accidet
589 2239 698 2304 animo
721 2259 836 2303 11616111
845 2239 861 2323 ’,
883 2239 958 2306 ibid.
975 2243 1050 2302 245:
1072 2237 1276 2304 ‘Communia

150 2361 222 2408 esse
243 2341 338 2426 haec,
369 2360 409 2406 ne
432 2341 508 2424 quid
530 2341 643 2407 horum
675 2361 828 2424 umquam
858 2342 984 2408 accidat
1006 2342 1113 2408 animo
1136 2339 1274 2406 novom!

150 2444 197 2509 ita
224 2444 275 2509 1116
304 2463 415 2510 versus
443 2465 464 2509 a
494 2443 647 2510 Cicerone
678 2443 823 2530 (Tuscul.
839 2445 887 2510 ΙΙΙ
914 2442 965 2530 14)
995 2444 1153 2530 adfertur,
1179 2464 1273 2527 quam

149 2546 318 2613 lectionem
341 2546 538 2630 Bentleium‚
568 2547 622 2630 qui
646 2567 718 2612 eam
742 2547 861 2632 optime
884 2548 925 2613 ab
947 2548 1004 2613 illa
1027 2566 1110 2630 quae
1132 2551 1221 2612 extat
1242 2545 1276 2611 in

150 2652 180 2716 A
212 2648 367 2732 defendit,
412 2649 513 2714 secuti
545 2649 614 2716 iure
653 2656 842 2734 receperunt
873 2649 1103 2716 Fleckeisenus
1140 2653 1172 2714 et
1201 2647 1276 2714 Um-

151 2750 371 2835 pfenbachius.
428 2751 461 2814 in
490 2753 518 2818 A
552 2759 660 2816 autem
692 2752 845 2837 scriptum
881 2759 943 2818 est:
980 2750 1174 2818 ‘communia
1204 2769 1276 2815 esse

228 2852 243 2891 fl
269 2853 277 2891 1

152 2863 356 2987 1666816116
385 2911 419 2968 ut
448 2924 490 2969 ne
521 2903 590 2986 quit
618 2906 726 2970 animo
754 2905 796 2970 sit
823 2906 967 2988 novom‘,
997 2925 1133 2988 quocum
1164 2902 1275 2969 relicui

152 3005 277 3071 codices
300 3013 332 3071 et
355 3006 504 3072 Donatus
526 3007 719 3091 conspirant.
762 3007 879 3092 Hecyr.
892 3011 967 3073 362:
998 3006 1103 3074 ‘Unde
1126 3006 1277 3072 exordiar

151 3128 283 3174 narrare
305 3128 390 3191 quae
412 3110 619 3194 necopinanti
642 3109 811 3191 accidunt',
834 3119 905 3177 Ace.
928 3113 1141 3195 praetextae
1170 3106 1276 3194 (Ribb.

151 3216 232 3295 trag.
254 3211 334 3294 frag.
355 3232 386 3296 p.
401 3211 495 3297 284):
525 3214 578 3277 ‘ea
608 3215 635 3276 si
659 3213 709 3276 cui
731 3212 765 3277 in
796 3233 907 3277 somno
930 3212 1099 3278 accidunt.³
1145 3219 1276 3277 Plautus

151 3314 295 3378 dativum
325 3314 467 3397 ignorat,
499 3316 556 3380 sed
592 3316 812 3379 accusativum
844 3315 952 3398 posuit
982 3315 1068 3380 nullo
1099 3313 1276 3380 sententiae

152 3416 335 3481 discrimine
346 3414 370 3502 ¹)
386 3417 468 3482 inter
483 3422 653 3498 utramque
670 3422 858 3482 structuram
874 3417 1090 3482 intercedente
1104 3416 1201 3481 Stich.
1218 3417 1274 3479 88:

151 3516 259 3582 ‘Certo
276 3517 360 3583 enim
382 3518 460 3582 mihi
475 3525 631 3602 paternae
653 3518 742 3583 vocis
764 3520 887 3583 sonitus
910 3519 998 3583 auris
1014 3518 1154 3584 accidit'
1186 3536 1275 3600 repc-

152 3617 212 3682 tita
233 3638 309 3684 vero
332 3620 570 3703 praepositione
591 3621 681 3685 locus
696 3621 857 3687 indicatur
879 3629 983 3687 Ptuat.
1006 3622 1102 3686 Poen.
1117 3621 1150 3686 II
1175 3625 1200 3700 1,
1219 3622 1274 3684 38:

151 3722 229 3784 ‘tam
253 3720 353 3785 crebri
380 3721 422 3787 ad
444 3728 561 3788 terram
585 3723 775 3789 accidebant
798 3743 894 3806 quam
917 3723 1011 3807 pira',
1041 3723 1122 3789 Rud.
1143 3723 1222 3807 prol.
1238 3724 1274 3787 8:

151 3821 258 3905 ‘signa
273 3823 314 3888 de
329 3824 416 3890 coelo
433 3825 476 3890 ad
490 3830 608 3890 terram
624 3825 797 3909 accidunt’,
820 3833 898 3892 Ean.
916 3824 1022 3909 (Ribb.
1038 3844 1117 3892 com.
1132 3825 1169 3892 fr.
1184 3847 1214 3909 p.
1226 3824 1274 3908 5):

149 3925 401 4009 ‘lacrimansque
423 3927 466 3990 ad
488 3946 595 4010 genua
617 3926 735 3993 accidit
744 3926 760 4011 ’,
782 3934 864 4010 trag.
886 3928 923 3995 fr.
945 3948 974 3992 1.
990 3931 1051 3991 205
1075 3926 1182 4014 (Ribb.
1196 3935 1276 4011 trag.

150 4029 187 4097 fr.
201 4050 232 4113 p.
248 4028 320 4112 43);
343 4028 488 4094 ‘Utinam
510 4049 551 4094 ne
573 4030 607 4094 in
629 4050 761 4096 nemore
775 4031 865 4096 Pelio
888 4031 1052 4096 securibus
1068 4031 1174 4096 06616
1188 4048 1276 4095 acce

151 4130 251 4197 disset
260 4132 287 4217 ²)
316 4131 457 4214 abiegna
480 4130 523 4197 ad
545 4138 664 4197 terram
687 4132 819 4216 trabes’,
843 4139 957 4200 Terent.
979 4133 1094 4218 Hecyr.
1111 4134 1187 4197 378:
1219 4132 1274 4196 ‘ad

151 4252 255 4315 genua
277 4233 416 4318 accidit',
439 4240 511 4301 Ace.
535 4253 563 4300 1.
579 4236 658 4298 449:
690 4235 742 4301 ‘ac
770 4242 846 4302 nota
869 4256 932 4301 vox
960 4235 1003 4301 ad
1025 4235 1112 4301 auris
1134 4232 1273 4301 accidit’

152 4371 355 4382 ——...-..

240 4417 400 4489 &Mpd

237 4503 260 4569 ²)
277 4502 313 4557 de
330 4501 486 4560 1166161116
503 4504 539 4561 ef.
556 4504 641 4562 Ribb.
659 4504 677 4559 1.
696 4520 720 4560 c.
