2850 5002
599 1435 739 1540 dopna
763 1439 800 1520 Ι.

227 1681 253 1740 1.
296 1677 409 1744 thessa
430 1674 491 1759 (Pl.
514 1675 651 1762 Pac.)1)‚
678 1676 768 1741 cuius
792 1676 983 1759 significatio
1004 1677 1141 1762 simplici
1164 1678 1261 1744 verbo

140 1779 301 1844 contraria
323 1785 387 1861 est,
416 1798 487 1843 cum
511 1779 621 1843 dativo
639 1801 796 1859 personae
825 1779 966 1844 iunctum
996 1780 1152 1863 reperitur
1174 1781 1262 1865 apud

139 1887 288 1961 Plantam,
312 1880 481 1947 0101011Π
506 1885 535 1964 1,
568 1884 622 1946 12:
652 1882 770 1962 ‘neque
801 1882 863 1946 nisi
894 1882 971 1964 quia
1001 1881 1098 1946 miser
1128 1901 1192 1946 non
1223 1902 1261 1947 00

138 2003 283 2068 pessum,
312 1983 391 2047 mihi
420 1984 487 2048 ulla
511 1984 602 2048 abest
624 1984 753 2049 Perdito
783 1983 954 2068 pernicies‘
986 1983 1143 2067 Amphitr.
1165 1986 1260 2050 1081:

139 2086 198 2149 ‘ita
236 2085 363 2150 animus
396 2109 477 2151 meas
508 2086 586 2151 mihi
618 2087 801 2151 etiamnunc
832 2086 952 2171 ahest'3
984 2086 1071 2170 apud
1099 2093 1261 2153 Maenium

137 2187 223 2253 idem
248 2187 376 2253 dativus
397 2187 514 2271 legitur
536 2209 565 2253 v.
583 2191 660 2253 357:
683 2188 812 2270 ‘quibus
835 2189 925 2253 abest
941 2188 984 2253 ad
1003 2189 1262 2272 praecavendum

138 2289 345 2372 intellegendi
372 2289 520 2373 astutia’;
551 2290 638 2373 apud
661 2296 831 2356 Terentiam
861 2290 946 2372 quod
975 2310 1016 2355 00
1037 2310 1101 2355 000
1131 2290 1259 2373 quidem

138 2392 206 2456 1000
229 2392 361 2456 dativus
383 2397 481 2474 extat,
505 2391 583 2456 satis
605 2392 711 2458 miror.
755 2412 827 2456 cum
851 2399 958 2457 autem
982 2392 1022 2457 de
1044 2393 1169 2458 duabus
1193 2411 1260 2476 per·

141 2494 228 2558 sonis
245 2493 313 2559 sive
329 2494 423 2559 101110
439 2493 551 2577 agitur,
574 2513 710 2575 quarum
726 2495 830 2560 altera
854 2495 895 2559 ab
911 2496 1016 2560 altera
1031 2495 1136 2580 spatio
1151 2494 1260 2577 aliquo

138 2596 325 2680 interposito
355 2602 476 2661 remota
505 2601 571 2678 est,
600 2615 725 2680 semper
755 2597 884 2681 ponitur
912 2597 1110 2682 praepositio
1139 2616 1159 2665 a
1187 2616 1260 2662 cum

138 2698 281 2763 ablativo
306 2704 338 2763 et
354 2720 513 2779 personae
535 2706 566 2763 et
589 2706 636 2765 rei
659 2700 836 2766 coniuncta.
877 2700 1047 2766 adhibetur
1068 2707 1176 2765 autem
1200 2699 1261 2766 hcc

137 2801 269 2866 verbum
285 2802 412 2886 proprio
435 2821 532 2866 sensu
565 2799 594 2888 1)
617 2807 770 2884 sequente
784 2802 927 2867 ablativo
949 2822 1140 2886 personae
1162 2811 1259 2869 Ploot.

137 2903 253 2969 Bacch.
271 2907 367 2969 1139:
382 2924 477 2986 quom
493 2926 513 2968 a
529 2923 611 2988 pecu
627 2910 731 2970 cetero
747 2904 876 2970 absunt’
893 2904 974 2991 (scil.
986 2904 1076 2991 oves)
1091 2942 1134 2952 -
1149 2904 1260 2970 addito

139 3015 228 3088 loaoe
243 3007 396 3072 adverbio
411 3007 505 3072 Merc.
522 3009 599 3072 894:
622 3007 699 3072 ‘non
715 3008 809 3090 longe
823 3007 897 3071 hinc
912 3007 1004 3072 abest
1018 3026 1039 3070 a
1053 3005 1155 3071 nohis’
1179 3004 1260 3090 (scil.

107 3140 112 3145 ·
138 3108 274 3192 amica),
305 3109 395 3173 Curc.
413 3112 487 3172 117:
511 3107 621 3189 ‘quam
648 3110 741 3190 longe
770 3127 791 3171 1
819 3127 871 3172 100
899 3106 1001 3172 abest'
1031 3106 1111 3191 (scil.
1141 3106 1258 3191 Liber),

138 3213 232 3275 Truc.
251 3210 301 3274 ΠΙ
327 3216 352 3291 1,
378 3213 433 3274 12:
457 3210 545 3273 ‘nam
569 3228 645 3273 oves
667 3209 754 3274 illius
776 3209 840 3273 hau
861 3209 956 3292 longe
978 3209 1095 3274 absunt
1117 3207 1259 3292 alupis’,

141 3317 258 3378 Terent.
289 3313 406 3377 Heaut.
429 3312 505 3376 399:
538 3310 637 3375 ‘Nam
660 3311 735 3375 dum
759 3311 871 3375 abste
894 3311 1022 3393 absum,
1044 3314 1159 3393 {omnes
1180 3309 1260 3374 mihi

136 3414 264 3480 labores
285 3414 375 3479 fuere
398 3433 478 3496 quos
501 3414 570 3497 cepi
598 3411 701 3478 leves’
729 3419 762 3478 et
784 3413 933 3497 adposito
962 3421 1084 3479 maltum
1105 3412 1260 3479 adverbio

138 3517 252 3584 Heaut.
268 3519 347 3582 668:
370 3515 456 3582 ‘Nisi
475 3535 526 3580 010
549 3516 675 3581 1010100
691 3515 784 3597 fallit,
805 3515 884 3581 haut
898 3516 1033 3581 multum
1055 3535 1142 3582 1100
1157 3516 1261 3582 aberit

137 3617 371 3703 infortunium’;
407 3617 440 3704 2)
472 3623 626 3700 sequente
670 3617 812 3683 ablativo
854 3619 909 3684 rei
946 3627 1045 3686 Plane.
1085 3620 1201 3686 Bacch.
1224 3622 1259 3685 6:

138 3720 205 3802 ‘qui
220 3720 359 3808 (Ulixes)
383 3721 497 3803 viginti
528 3720 622 3785 annis
646 3740 757 3785 errans
780 3741 801 3785 a
823 3722 931 3805 patria
961 3719 1063 3805 afuit',
1085 3721 1215 3806 Epidv
1231 3724 1260 3803 2,

141 3824 194 3888 16:
217 3823 314 3887 ‘Num
338 3823 379 3889 ab
403 3823 497 3888 domo
521 3823 670 3889 absum?’
688 3861 730 3870 —
754 3822 897 3888 ablativo
921 3823 1040 3889 ‘domo’
1063 3821 1258 3908 praepositio

225 4028 245 4092 ¹)
263 4024 306 4080 his
324 4025 425 4080 litteris
443 4026 528 4080 unius
547 4026 684 4094 cuiusque
701 4026 869 4095 paragraphi
886 4026 964 4081 initio
982 4024 1103 4094 adpictis
1121 4023 1258 4090 uncisque

137 4111 255 4166 inclusis
277 4111 385 4180 indico,
407 4111 484 4180 apud
508 4125 654 4179 quemnam
678 4127 713 4166 ex
735 4110 792 4166 illis
816 4111 907 4180 poetis
931 4110 961 4164 id
984 4110 1019 4164 de
1043 4124 1099 4177 quo
1117 4106 1259 4177 quaeritur

136 4196 253 4251 verbum
282 4212 345 4251 cum
369 4196 464 4251 dativo
492 4197 616 4251 iunctum
645 4197 762 4266 legatur.
804 4195 994 4264 interrogandi
1023 4194 1134 4263 signum
1159 4192 1258 4261 adieci,

137 4282 298 4350 ubicunque
321 4287 372 4337 aut
394 4282 478 4338 certis
501 4282 640 4337 adductus
665 4282 770 4350 causis,
789 4297 855 4335 num
872 4280 916 4335 hie
935 4281 980 4334 vel
997 4280 1045 4334 illc
1063 4283 1146 4348 poeta
1164 4279 1259 4335 dativo
1303 4331 1305 4335 ,

137 4382 167 4421 10
184 4381 251 4421 vera
268 4382 336 4422 usus
354 4367 399 4437 sit,
422 4366 608 4422 dubitandum
626 4372 675 4421 aut
693 4366 818 4421 dativum
839 4381 896 4421 non
914 4366 1027 4435 propria
1045 4363 1074 4420 vi
1091 4367 1259 4433 usurpatum

137 4467 199 4508 esse
216 4451 322 4523 putavi.
