2850 5002
558 1496 864 1581 Praefatio.

235 1739 311 1805 Jam
333 1738 456 1823 pridem
480 1738 503 1802 ii
525 1737 588 1821 qui,
611 1756 673 1819 quo
690 1736 784 1801 modo
807 1737 897 1819 leges
912 1737 1067 1803 sermonis
1082 1737 1174 1803 latini
1195 1757 1273 1821 pau-

150 1842 240 1906 latim
263 1841 409 1907 excultae
432 1841 510 1924 sint,
540 1839 769 1923 quaesiverunt
799 1839 981 1904 accuratius
1009 1840 1272 1923 perserutandum

150 1964 219 2010 esse
240 1944 474 2026 intellexerunt,
497 1961 594 2024 quam
609 1940 766 2006 rationem
790 1942 943 2025 cuiusque
966 1944 1083 2007 aetatis
1103 1942 1273 2026 scriptores

148 2048 183 2112 in
204 2046 424 2113 construendis
439 2044 544 2110 uerbis
567 2064 638 2108 cum
660 2043 953 2128 praepositionibus
968 2045 1152 2131 compositis
1172 2047 1273 2111 secuti

149 2149 221 2214 sint.
264 2148 386 2232 primus
402 2147 486 2212 enim
501 2145 790 2210 Hildebrandus
806 2145 924 2231 (progr.
942 2147 1106 2232 gymnasii
1122 2151 1273 2213 Tremon·

149 2251 218 2315 tani
250 2252 384 2314 185851
410 2247 504 2332 1859)
534 2248 633 2314 verba
659 2248 748 2331 apud
779 2254 949 2315 Ciceronem
980 2255 1138 2316 Caesarem
1159 2257 1273 2316 Liuium

150 2372 221 2416 curn
244 2354 277 2418 ‘a
300 2351 339 2417 de
361 2352 415 2416 cx'
435 2350 727 2435 praepositionibus
750 2351 928 2435 composita
951 2351 1101 2434 conlegit:
1129 2353 1273 2418 conlecta

147 2454 181 2518 in
204 2475 295 2520 suurn
317 2474 410 2519 usum
434 2453 589 2519 convertit
611 2451 876 2517 Kuehnastius
898 2451 996 2539 (synt.
1018 2455 1143 2520 Livian.
1164 2476 1195 2538 p.
1213 2457 1272 2518 165

148 2556 238 2642 555.)
282 2556 538 2622 Hildebrandum
562 2555 614 2620 cui
637 2554 743 2620 verbis
770 2555 803 2619 in
826 2555 1098 2639 praepositionum
1128 2556 1272 2622 ordinem

149 2659 281 2742 digestis
303 2678 414 2723 omncs
435 2658 523 2723 locos
544 2658 599 2722 ubi
628 2657 686 2722 illa
708 2657 830 2722 invenit
857 2677 875 2723 e
898 2657 998 2723 tribus
1021 2678 1101 2740 quos
1123 2658 1273 2724 tractavit

149 2760 356 2843 scriptoribus
390 2760 589 2843 congessisse
619 2760 700 2824 55115
735 2759 796 2824 fuit
822 2760 922 2824 555511
954 2766 1044 2826 sunt:
1074 2761 1273 2845 Adolphus

150 2861 391 2927 Lehmannns
421 2862 474 2948 (de
497 2862 663 2928 verborum
687 2862 934 2945 compositorum
958 2881 1041 2944 5555
1065 2863 1151 2946 apud
1172 2870 1274 2929 Sallu-

148 2971 238 3030 stium
253 2969 409 3030 eoeeerem
422 2969 555 3031 Tacitum
569 2964 718 3048 leguntur
733 2983 803 3028 cum
820 2964 930 3029 dativo
942 2970 1101 3029 structura
1116 2985 1273 3030 commen-

148 3065 236 3132 tatio.
273 3065 494 3131 Vratislaviae
511 3066 607 3153 1863)
630 3066 694 3149 551,
717 3066 804 3149 quod
818 3067 941 3150 primus
957 3074 1043 3131 certa
1061 3067 1115 3131 via
1137 3067 1274 3132 ratione

149 3187 211 3251 555
233 3167 344 3234 dehis
366 3168 472 3235 verbis
495 3168 688 3253 disputavit,
717 3168 811 3234 valde
834 3168 1019 3234 laudandus
1041 3177 1105 3252 est,
1126 3173 1273 3252 Augus-

148 3271 252 3336 tinus
274 3268 330 3357 (de
351 3291 411 3335 usu
434 3271 537 3336 dativi
560 3291 598 3336 ac
620 3271 894 3354 praepositionum
916 3271 951 3335 in
981 3276 1141 3336 structura
1163 3273 1273 3338 verbo·

149 3392 217 3437 rum
250 3373 496 3457 compositorum
528 3393 611 3456 quae
642 3372 730 3456 apud
765 3378 939 3438 Ciceronem
968 3373 1125 3456 leguntur.
1168 3395 1273 3459 progr.

149 3475 311 3559 gymnasii
332 3476 475 3542 Ratibor.
493 3474 598 3560 1869),
621 3475 802 3558 [gnatius
824 3473 879 3560 (de
901 3475 1067 3541 verborum
1091 3496 1162 3541 curn
1182 3497 1273 3563 prae-

149 3575 361 3661 positionibus
388 3577 636 3661 compositorum
659 3577 747 3660 apud
768 3582 937 3643 Cornelium
952 3585 1098 3658 Nepotem
1113 3584 1141 3644 T.
1157 3585 1273 3645 Liviam

153 3681 286 3743 05511555
307 3682 423 3757 Rufum
444 3698 515 3743 curn
539 3679 649 3744 dativo
673 3686 841 3744 structura.
884 3679 979 3744 Η5115
1005 3679 1108 3767 1877).

234 3779 262 3844 11
283 3779 380 3862 igitur
394 3799 476 3863 quos
491 3799 590 3865 supra
604 3781 769 3846 nominavi
784 3781 845 3846 5151
861 3781 946 3846 (15511
961 3801 1016 3847 555
1032 3783 1094 3846 5151
1109 3783 1273 3866 elegerunt

147 3884 328 3968 scriptores,
349 3882 477 3965 551555
498 3883 641 3966 ipsorum
657 3883 786 3967 ingenio
808 3884 860 3950 551
882 3884 1024 3950 maxime
1039 3885 1273 3950 accommodati

147 3991 263 4053 essent.
307 3985 364 4052 sed
390 4005 450 4069 ego
472 3985 505 4050 in
527 4005 567 4052 55
590 3986 717 4051 ornnino
740 4006 810 4051 sum
833 3986 991 4052 sententia
1014 4006 1069 4052 eos
1092 3988 1156 4071 qui,
1177 4006 1272 4071 quem

148 4087 192 4153 ad
214 4087 343 4153 modum
358 4089 447 4173 leges
470 4088 625 4154 sermonis
647 4089 740 4155 latini
758 4089 916 4173 paulatim
939 4089 1088 4155 excultae
1111 4090 1182 4172 sint,
1204 4109 1272 4173 per-

148 4190 283 4255 scrutari
314 4190 444 4257 student
478 4190 563 4257 hanc
592 4193 751 4257 rationem
784 4191 876 4274 sequi
907 4190 1040 4275 debere,
1075 4197 1111 4256 51
1145 4192 1271 4275 cognito

150 4289 259 4372 utique
286 4292 423 4377 primurn
447 4293 663 4377 antiquiorum
695 4294 885 4378 scriptorum
913 4293 1180 4377 generedicendi
1203 4299 1271 4358 tum

149 4390 291 4475 demum,
317 4395 406 4477 55511
428 4396 621 4480 posteriores
651 4396 701 4461 usi
731 4396 795 4461 sint
822 4400 1043 4478 quantumque
1073 4395 1106 4459 hi
1136 4394 1178 4461 ab
1205 4395 1272 4460 illis

147 4494 371 4579 discesserint,
399 4499 599 4581 perquirant:
637 4516 714 4563 uam
743 4496 806 4562 hac
833 4497 904 4562 sola
933 4496 1057 4561 ratione
1084 4495 1133 4581 fit,
1163 4503 1198 4562 ut
1228 4496 1271 4561 ad

1052 4614 1062 4669 1
