2850 5002
1274 538 1292 597 7

166 712 282 778 finibus
297 711 435 777 codrceri
450 730 516 775 non
538 714 657 794 posset,
678 727 718 773 66
740 708 839 774 verba
854 729 919 774 una
941 728 1011 774 eum
1027 706 1205 772 transitivis
1223 707 1289 772 alio

165 816 235 881 loeo
258 814 387 897 alioque
409 818 553 896 tempore
575 811 670 877 edere
685 811 764 875 mihi
785 812 948 897 proposui.
981 812 1164 876 universam
1181 815 1288 874 autem

167 917 271 983 dativi
300 917 366 981 vim
388 935 428 981 ex
458 916 616 998 omnium,
647 914 685 980 de
708 913 824 996 quibus
852 914 937 979 infra
970 919 1095 998 agetur,
1125 913 1293 979 verborum

168 1018 399 1103 significatione
428 1018 524 1084 facile
554 1036 781 1101 recognoscam,
811 1017 962 1100 quamvis
992 1016 1084 1081 varia
1113 1017 1156 1081 sit
1184 1035 1293 1081 eorum

169 1143 240 1187 oum
264 1120 557 1206 praepositionibus
579 1120 776 1206 compositio.
812 1119 924 1200 116666
950 1139 1015 1184 666
1041 1118 1152 1203 video,
1176 1139 1230 1184 eur
1251 1154 1294 1164 -

169 1224 254 1308 quod
290 1224 499 1289 Lehmannus
537 1229 569 1288 et
597 1223 744 1306 Ignatius
781 1221 922 1288 iecerunt
949 1259 992 1269 -
1020 1221 1105 1286 hanc
1139 1240 1294 1287 commen-

168 1327 324 1392 tationem
348 1327 381 1391 in
404 1325 548 1409 singulas
570 1325 671 1390 dividi
692 1328 804 1409 partes
833 1330 986 1409 oporteat,
1013 1345 1098 1406 6666
1121 1325 1160 1389 de
1183 1323 1293 1388 dativo

167 1428 325 1495 commodi
347 1429 400 1494 vel
421 1428 615 1494 incommodi
638 1432 694 1492 aut
716 1426 947 1492 coniunctionis
969 1426 1194 1492 inscribuntur.

254 1550 388 1630 Restat,
410 1554 444 1612 ut
466 1548 507 1613 16
529 1546 723 1612 editionibus
750 1551 782 1612 et
810 1546 935 1611 ratione
957 1566 978 1611 a
1001 1564 1053 1611 me
1082 1546 1116 1609 in
1138 1545 1294 1629 exemplis

168 1649 352 1717 adferendis
373 1650 521 1715 adhibita
549 1650 672 1715 dicam:
694 1648 728 1714 id
750 1649 836 1731 6661
866 1649 898 1714 16
927 1648 989 1713 166
1019 1648 1208 1731 6666611666
1228 1668 1293 1713 666

168 1754 283 1818 1661116
305 1771 376 1817 6666
401 1771 452 1817 me
475 1751 674 1817 adsentiente
698 1750 790 1816 16661
813 1751 958 1834 ignatius
981 1749 1024 1834 (p.
1041 1749 1084 1834 5).
1127 1749 1237 1833 116666
1258 1751 1292 1814 16

168 1855 313 1939 legendis
348 1854 466 1919 fabulis
498 1861 647 1920 Plautinis
679 1853 757 1918 mihi
785 1853 828 1916 ad
859 1872 975 1918 manus
1011 1857 1102 1918 erant
1134 1852 1293 1919 editiones

169 1957 279 2042 Parei,
317 1956 439 2040 Bothii,
475 1955 642 2022 Ritsohelii
652 1955 693 2041 1),
728 1955 947 2038 Fleelteiseni,
982 1956 1144 2039 Lorenzii,
1181 1956 1293 2038 Brixii,

168 2059 346 2145 Spengelii,
373 2059 541 2142 Wagneri,
564 2058 721 2142 Ussingii‚
751 2058 783 2122 in
807 2064 996 2124 Terentianus
1018 2059 1158 2140 Bentlei,
1179 2058 1291 2123 Fleck-

168 2162 283 2243 eiseni,
313 2160 561 2245 Umpienbachii
592 2160 785 2226 editionibus
817 2180 894 2224 usus
920 2181 999 2227 sum.
1041 2161 1075 2224 in
1107 2158 1292 2225 adserendis

168 2270 277 2329 autem
322 2264 429 2328 Plauti
473 2283 622 2328 versuum
671 2263 811 2328 numeris
858 2262 1068 2328 Ritschelium
1108 2268 1140 2329 et
1178 2262 1291 2327 Fleck-

167 2367 325 2452 eisenum,
363 2367 396 2431 in
427 2366 545 2430 fabulis
590 2365 631 2429 ab
669 2366 734 2429 illis
765 2386 828 2430 non
859 2365 955 2430 editis
986 2365 1080 2431 Parei
1119 2364 1290 2431 editionem

166 2468 369 2535 Francolurti
399 2469 442 2533 61
469 2469 679 2533 Moen.1623
710 2468 844 2550 editam,
874 2468 907 2532 in
937 2467 1120 2533 adferendis
1149 2467 1290 2532 Terentii

165 2572 311 2637 versibus
325 2571 581 2654 Fleckeisenum,
603 2569 635 2633 in
652 2571 843 2636 relicuorum
862 2576 1029 2655 poetarum
1045 2569 1256 2635 Ribbeckium
1264 2570 1290 2655 ²)

168 2693 292 2757 sequar.
336 2673 376 2739 (16
405 2672 467 2738 fide
497 2673 674 2757 scripturae
705 2679 811 2737 autern
843 2693 939 2755 quam
963 2679 1091 2739 secutus
1119 2693 1188 2737 snm
1218 2692 1289 2738 cum

168 2776 285 2858 ubique
315 2776 543 2859 quaesiverim,
574 2782 682 2840 tamen
713 2775 754 2841 de
780 2775 821 2840 iis
850 2779 975 2840 tantum
1003 2775 1081 2840 locis
1108 2776 1291 2841 accuratius

168 2877 283 2961 dicam,
298 2879 332 2942 in
347 2878 463 2960 quibus
477 2884 533 2943 aut
548 2878 642 2943 lectio
654 2883 803 2962 suspecta
818 2883 867 2943 661
882 2883 1012 2962 propter
1025 2878 1289 2943 constructionem

167 2978 256 3045 verbi
278 3001 299 3044 a
321 2980 450 3064 vulgari
471 3001 532 3045 usn
546 2981 748 3046 recedentem
772 2986 829 3045 aut
851 2979 995 3045 codicum
1017 2981 1174 3064 scriptura
1191 2981 1291 3045 mani-

166 3082 247 3148 festo
278 3089 427 3169 corrupta
459 3090 515 3148 est.
559 3082 811 3167 corruptelarum
839 3088 949 3148 autem
970 3102 1072 3166 genus
1101 3083 1288 3168 primarium

166 3184 246 3250 illud
268 3191 326 3269 est,
348 3186 389 3252 de
412 3206 475 3268 666
498 3185 651 3250 disseruit
672 3183 936 3271 Fleckeisenusi)
961 3185 995 3249 in
1018 3184 1154 3269 epistola
1177 3184 1288 3249 critica

167 3287 210 3351 ad
233 3288 429 3355 Fridericum
452 3288 661 3353 Ritsohelium
684 3309 714 3372 p.
730 3287 805 3353 VII:
832 3289 984 3371 “multae
1006 3286 1115 3368 inquit,
1144 3286 1177 3351 in
1198 3285 1290 3350 libris

166 3389 325 3454 Plautinis
346 3426 389 3436 -
411 3389 526 3473 quibus
549 3390 638 3472 adde}
652 3389 852 3474 potissimum
874 3390 1066 3455 Bembinum
1086 3388 1229 3454 Terentii
1247 3425 1290 3434 —

168 3511 246 3557 casu
268 3493 401 3579 elapsae
424 3499 496 3558 6661
519 3513 613 3558 voces
636 3513 676 3558 ac
697 3492 846 3575 voculae,
869 3510 953 3575 quae
976 3492 1045 3556 sine
1067 3491 1209 3557 maximo
1232 3496 1290 3555 aut

255 3715 276 3779 ¹)
294 3712 439 3768 Ritschelii
463 3714 548 3768 editio
571 3715 647 3783 6661
669 3713 706 3768 61
728 3713 811 3768 finem
835 3727 891 3766 non
914 3711 1052 3780 perducta
1070 3714 1121 3780 661,
1140 3710 1175 3765 iis
1193 3712 1288 3780 quiin

166 3798 377 3867 quaestionibus
395 3799 430 3853 de
445 3798 537 3853 Plauti
556 3813 683 3853 sermone
701 3799 761 3854 sive
779 3798 875 3852 metris
887 3802 1035 3851 versantur
1052 3796 1175 3865 graviter
1193 3797 1287 3852 dolen·

166 3882 232 3937 dum
251 3887 305 3938 est:
324 3899 388 3937 nam
405 3885 534 3953 Pareum,
560 3884 641 3938 66166
665 3883 749 3937 editio
767 3883 795 3936 ll
812 3883 846 3937 iis
864 3881 913 3950 661
935 3881 964 3934 16
981 3879 1085 3936 fabulis
1103 3897 1119 3935 a
1136 3880 1289 3936 Ritsehelio

165 3984 223 4023 non
245 3968 329 4023 editis
351 3973 438 4024 artem
463 3970 586 4024 criticam
600 3983 728 4023 exercere
746 3968 847 4022 volunt
864 3966 954 4022 adhuc
965 3966 1071 4021 utenda
1083 3971 1134 4034 est,
1152 3967 1206 4022 etsi
1223 3967 1288 4020 alio·

166 4054 233 4123 quin
252 4054 287 4110 16
304 4052 462 4110 fabularum
479 4055 667 4109 Plautinarum
685 4053 881 4107 emendatione
905 4053 1009 4122 optime
1026 4066 1077 4121 pro
1095 4051 1170 4106 illius
1188 4050 1287 4105 aetatis

165 4139 293 4194 doctrina
316 4141 376 4197 sine
399 4140 485 4194 dubio
507 4140 621 4194 meritus
644 4144 701 4205 661,
723 4144 817 4192 tamen
840 4152 1064 4206 nonnumquam
1087 4135 1200 4190 codices
1218 4134 1287 4190 satis

165 4231 294 4280 accurate
306 4240 357 4281 nec
368 4226 473 4295 legisse
492 4240 545 4279 666
557 4225 710 4279 contulisse
725 4222 799 4277 hand
818 4224 903 4278 semel
915 4222 1085 4277 Ritsohelius
1103 4224 1223 4274 testatus
1235 4223 1287 4276 est.

250 4329 273 4393 ²)
291 4326 434 4381 scaenicae
456 4327 645 4380 Romanorum
666 4325 762 4396 poesis
779 4324 934 4393 fragmenta
951 4323 1082 4379 66666116
1100 4322 1175 4377 curis
1194 4323 1237 4377 61.
1255 4321 1286 4377 0.

166 4408 340 4467 Ribbeckins
357 4412 436 4479 Lips.
456 4415 520 4465 1813
538 4411 567 4465 ΙΙ
584 4412 639 4466 vol.

251 4511 373 4579 ³)hodie
390 4525 458 4567 6666
470 4511 554 4581 paulo
572 4512 651 4567 aliter
669 4510 705 4567 (16
722 4509 774 4567 hac
791 4526 821 4566 re
833 4508 1011 4565 iudicandum
1030 4525 1092 4566 esse
1110 4527 1167 4566 non
1177 4510 1285 4580 ignoro.
