2850 5002
148 457 188 517 42

147 625 193 691 nil
222 627 409 711 praestare’,
445 632 566 694 Terent.
589 629 670 695 Eun.
692 630 771 693 232:
800 628 933 694 ‘homini
955 628 1051 695 homo
1080 627 1158 713 quid
1179 648 1277 715 pree·

148 728 259 812 statii
281 729 398 796 Heaut.
414 731 491 795 875:
547 730 625 796 ‘Sed
645 781 653 797 .
677 781 685 796 .
707 780 714 797 .
737 731 890 797 Chremes
906 731 988 797 'Hoo
1009 730 1087 797 mihi
1109 730 1276 817 praestet,

148 831 275 898 Phorm.
302 835 381 896 790:
421 832 517 897 ‘Hem
547 832 597 898 vir
630 833 698 898 viro
728 833 805 917 quid
834 833 1032 919 praestat‘l’,
1069 840 1139 901 Nou.
1161 852 1191 900 v.
1212 836 1275 899 20:
1371 836 1375 845 “

147 935 294 1019 ‘puerum
326 934 452 999 mulieri
488 942 655 1019 praestare
691 956 796 1002 noenu
834 935 941 1002 sois‘l’.
975 973 1019 985 -
1057 936 1186 1002 dativus
1224 936 1277 1003 rei

148 1041 239 1102 extat
286 1044 387 1102 Pluut.
433 1037 497 1102 Mil.
535 1041 617 1102 777:
657 1039 771 1121 ‘atque
810 1046 838 1105 ie
884 1037 1060 1105 Alexandri
1103 1044 1276 1124 praestare

147 1140 316 1225 praedicat
337 1138 460 1205 formae
482 1142 594 1222 suam',
628 1144 721 1209 True.
743 1143 776 1205 ΙΙ
799 1145 827 1225 4,
849 1144 907 1204 21:
938 1140 1011 1207 ‘hoe
1036 1142 1100 1207 tuis
1127 1141 1278 1227 fortunis,

148 1242 301 1327 Iuppiter,
333 1248 502 1326 praestant
525 1244 637 1328 meae',
668 1243 740 1309 Cas.
762 1244 795 1309 II
818 1246 845 1328 3,
868 1249 905 1308 4:
938 1245 1006 1309 ‘eos
1036 1242 1116 1330 (soil.
1137 1242 1277 1331 eoquos)

149 1365 187 1410 eo
211 1346 412 1410 condimento
435 1366 499 1410 uno
521 1367 585 1411 non
607 1347 696 1429 utier,
719 1347 865 1412 omnibus
889 1348 974 1430 quod
996 1346 1178 1431 praestati’

236 1453 284 1514 55.
327 1449 498 1517 Sueeedere
514 1448 600 1534 (ΡΙ.)
622 1448 741 1533 Enn.‘?)
764 1454 796 1514 et
817 1449 1031 1533 procedere
1054 1447 1138 1535 (Pi).
1170 1447 1277 1534 priori

151 1550 297 1615 dativum
331 1571 489 1636 personae
523 1551 711 1636 adposuisse
745 1552 892 1616 videntur
922 1559 1050 1617 Plautus
1086 1558 1119 1617 et
1146 1559 1277 1619 Ennius.

150 1660 253 1719 Ploot.
276 1653 393 1720 Baoeh.
415 1656 495 1718 942:
529 1654 588 1719 ‘ita
617 1673 669 1718 res
699 1653 852 1719 suecessit
873 1661 914 1719 mr·
934 1674 1036 1738 usque
1057 1654 1183 1721 adhuo’.
1226 1654 1280 1721 sie

149 1755 233 1823 enim
262 1756 454 1822 Ritsohelius
484 1757 564 1822 duee
594 1755 708 1822 Bothio
738 1763 823 1822 reete
853 1756 989 1841 seripsit.
1032 1757 1105 1822 libri
1134 1777 1192 1842 pro
1215 1757 1278 1823 ‘mi

148 1859 262 1941 nsque’
294 1857 415 1924 habent
448 1860 659 1942 ‘meliusque'.
711 1866 788 1926 Eoo.
813 1864 894 1943 trag.
915 1859 953 1926 fr.
982 1881 1011 1926 v.
1033 1862 1113 1924 402:
1145 1860 1184 1925 ‘E
1214 1880 1279 1947 spo

149 1960 278 2045 quidem
308 1960 341 2026 id
372 1962 558 2047 sueeessit1)
591 1960 670 2028 tibi'.
722 1962 835 2028 addita
865 1968 914 2028 est
942 1962 1140 2048 praepositio
1170 1969 1276 2030 Plorat.

149 2066 236 2131 Pers.
258 2066 338 2127 449:
361 2064 458 2130 ‘solet
479 2065 538 2130 illa
560 2063 640 2151 (soil.
662 2064 727 2151 res)
750 2071 836 2131 reete
858 2086 930 2131 snm
951 2086 1066 2130 manus
1082 2064 1277 2133 sueeedere’.

148 2204 192 2215 -
214 2168 308 2233 alteri
324 2167 421 2233 verbo
443 2166 573 2233 dativus
588 2169 725 2233 adioitur
740 2176 837 2234 Pluot.
854 2169 946 2253 Capt.
961 2171 1041 2233 464:
1064 2169 1152 2250 ‘quoi
1167 2167 1278 2235 minus

149 2272 302 2355 procedat
324 2270 482 2354 quidquid
504 2271 611 2336 faeere
633 2270 806 2356 oeoeperit’
838 2272 876 2337 ef.
898 2272 985 2336 Pers.
1008 2273 1079 2336 452.
1123 2290 1278 2355 persona·

148 2370 266 2458 liter²)l
290 2372 405 2437 dieitur
427 2371 488 2437 hoo
512 2373 643 2438 verbum
676 2380 795 2440 Terent.
821 2371 956 2457 Adelph.
981 2373 1059 2437 979:
1091 2372 1279 2458 proeessisti

149 2476 244 2540 hodie
265 2474 420 2561 pulchre'.
744 2461 746 2465 ’

235 2581 285 2644 56.
328 2579 527 2663 suppeditare
547 2578 606 2660 (Pl.
621 2577 715 2663 Ter),
737 2578 955 2643 intransitive:
978 2585 1078 2645 Ploet.
1094 2578 1182 2644 Asin.
1195 2579 1277 2642 423:

147 2684 227 2746 ‘non
259 2701 339 2764 queo
369 2680 472 2747 labori
505 2681 733 2767 suppeditare',
765 2688 883 2748 Terent.
905 2682 987 2748 Eun.
1011 2684 1109 2746 1076:
1142 2680 1198 2746 ‘Ut
1219 2685 1277 2747 tuo

148 2784 251 2849 amori
274 2785 482 2870 suppeditare
505 2786 629 2871 possint
652 2786 721 2851 sine
745 2790 873 2869 sumptu
895 2790 951 2849 tuo
967 2783 1085 2851 Omnia
1106 2783 1211 2850 haee'.
1232 2824 1278 2836 -

151 2887 334 2952 transitive:
364 2895 410 2953 Pl.
433 2887 522 2952 Asin.
545 2890 623 2952 819:
645 2888 820 2953 ‘Luxuriae
843 2893 989 2972 sumptus
1012 2888 1279 2973 suppeditarent

148 2989 294 3074 possies’,
328 2997 448 3058 Terent.
478 2992 594 3056 Heaut.
617 2994 692 3075 930,
726 3011 820 3073 quem
852 2991 957 3055 loeum
990 3010 1061 3056 oum
1091 2989 1279 3055 novissimis

149 3092 325 3158 editoribus
347 3091 436 3176 lego:
467 3094 610 3159 ‘namsi
638 3094 685 3158 illi
713 3113 813 3178 pergo
842 3092 1049 3178 suppeditare
1076 3091 1278 3177 sumptibus’.

150 3200 227 3280 puto
255 3201 363 3261 autern
393 3194 629 3280 ‘suppeditare’
659 3193 711 3259 hie
740 3195 872 3260 verbum
896 3194 1099 3260 transitivum
1123 3213 1193 3259 esse
1218 3194 1276 3259 sed

151 3296 298 3362 absolute
331 3297 471 3382 positum
483 3346 492 3381 ,
523 3303 558 3361 ut
587 3296 796 3382 ‘sumptibus’
827 3317 886 3382 pro
917 3296 1060 3361 ablativo
1091 3295 1276 3361 habendum

154 3401 195 3465 sit
204 3398 248 3486 ³);
279 3399 371 3465 sicuti
384 3416 452 3463 ‘nos
478 3399 631 3465 dicimus:
655 3399 759 3465 einem
788 3399 844 3464 mit
867 3404 969 3464 etwas
991 3397 1136 3464 hilfreieh
1159 3417 1202 3462 an
1223 3396 1277 3464 die

154 3502 243 3567 hand
265 3501 359 3586 gebu.
691 3572 693 3579 y

237 3609 285 3673 57.
329 3606 494 3690 suppetere
517 3603 708 3692 (Piliam),
742 3604 831 3670 ouius
860 3604 1024 3689 propriam
1053 3605 1119 3670 vim
1148 3601 1276 3668 Brixius

153 3706 209 3794 (ad
225 3707 312 3773 Trin.
328 3707 382 3781 57)
406 3709 526 3793 optime
548 3713 657 3773 nostro
681 3727 826 3775 sermone
849 3708 897 3773 sio
915 3706 1072 3792 explieat:
1095 3706 1150 3771 ‘an
1172 3711 1275 3772 etwas

151 3809 380 3893 hingelangen’
413 3812 523 3893 itaque
551 3808 769 3894 ‘hinreiohen'‚
799 3830 870 3875 eum
893 3809 1004 3875 dativo
1026 3809 1166 3894 iungitur
1187 3806 1275 3892 apud

151 3921 291 3979 Plautum
313 3917 345 3978 et
368 3920 516 3979 Ennium:
538 3921 586 3980 Pl.
608 3912 723 3998 Amph.
742 3917 799 3976 14:
822 3911 957 3978 ‘luorum
978 3918 1014 3977 ut
1027 3931 1168 3996 perenne
1183 3907 1275 3975 vobis

239 4103 259 4167 ¹)
278 4098 317 4153 sio
342 4102 417 4154 reete
441 4099 555 4168 scripsit
578 4099 727 4154 Muellems
745 4115 797 4168 pro
816 4098 985 4154 ‘succenses'
1004 4096 1081 4168 qnod
1098 4100 1142 4150 est
1159 4095 1187 4149 in
1205 4092 1275 4149 Var-

150 4185 226 4241 ronis
251 4216 285 4225 -
307 4183 412 4239 narnis
434 4183 521 4239 verba
540 4184 816 4239 servavit-oodiee
840 4184 914 4239 Flor.

235 4274 258 4338 ²)
276 4270 317 4325 sio
340 4270 422 4325 etiam
445 4267 591 4324 adhibetur
613 4269 787 4339 ‘provenire’
810 4268 858 4338 (ei.
882 4269 957 4323 Brix.
980 4266 1204 4335 aduenere),
1228 4266 1274 4322 oui

152 4356 237 4412 semel
255 4360 364 4410 tantum
383 4354 495 4411 dativus
513 4355 633 4410 adicitur
653 4356 693 4411 Pl.
711 4355 789 4410 Pers.
807 4358 866 4408 456.

237 4443 259 4509 ⁸)
277 4438 313 4495 ef.
331 4440 421 4497 Holtn.
440 4446 515 4511 synt
532 4439 547 4494 1
563 4457 591 4510 p.
612 4444 668 4495 137.
