2850 5002
154 456 173 515 2

153 621 329 706 perfectam
353 627 384 686 et
407 620 492 684 omni
516 640 556 685 ex
578 625 671 704 parto
694 619 875 684 absolutam
900 620 997 685 totius
1019 620 1149 703 linguae
1173 623 1280 704 cogni·
1312 644 1319 663 ·

152 726 271 790 tionem
298 723 532 808 perveniamus.
575 721 632 786 illa
654 741 730 786 vero
753 721 835 786 ratio
863 723 904 786 iis
934 724 1107 808 praecipue
1135 723 1280 790 ineunda

153 826 279 909 estqui
307 826 341 890 in
370 826 560 907 quaestione
588 824 628 891 de
650 824 817 889 verborum
848 827 1095 908 compositorum
1118 832 1278 892 structura

152 934 329 995 versantur.
373 927 431 993 sed
453 946 564 991 omnes
587 926 757 1010 scriptores
779 926 839 991 hoc
861 927 994 991 consilio
1016 931 1180 1012 perlegere
1195 930 1277 994 tanti

152 1037 201 1097 661
225 1029 346 1114 operis,
373 1035 408 1094 ut
429 1028 585 1113 paulatim
610 1034 734 1091 tantum
757 1047 808 1093 res
830 1027 873 1092 ad
894 1027 989 1093 finem
1011 1030 1143 1113 perduci
1169 1032 1278 1114 possit.

151 1133 276 1215 itaque,
306 1138 341 1196 ut
362 1137 528 1214 tamquam
552 1137 637 1195 certo
661 1129 813 1211 firmoque
843 1130 876 1193 in
910 1130 971 1195 lrae
994 1131 1182 1212 quaestione
1208 1134 1278 1197 fun-

152 1234 303 1299 damento
325 1235 506 1317 niteremur,
529 1234 568 1298 de
584 1232 817 1297 constructione
840 1232 1006 1296 verborum
1029 1232 1275 1315 compositorum

152 1356 236 1419 quae
264 1337 350 1420 apud
378 1343 501 1417 priscos
525 1346 637 1415 poetas
665 1342 824 1401 scaenicos
859 1334 1006 1417 leguntur
1038 1333 1084 1398 sie
1119 1352 1275 1414 quaerere

151 1439 231 1503 satis
253 1438 368 1522 habui,
390 1444 425 1502 ut
446 1437 584 1521 primum
608 1437 648 1502 de
670 1437 710 1502 iis
734 1457 817 1519 quae
840 1457 910 1502 eum
933 1436 1129 1519 accusativo,
1158 1436 1275 1501 deinde

151 1541 191 1606 de
216 1540 256 1604 iis
279 1558 456 1623 quaecum
480 1537 605 1618 dativo,
635 1538 774 1620 denique
797 1538 837 1604 de
864 1538 906 1603 iis
928 1558 1012 1620 quae
1038 1557 1109 1602 eum
1132 1537 1274 1604 ablativo

151 1641 401 1724 coniunguntur,
424 1659 561 1724 agerem.
605 1640 663 1704 sed
687 1641 839 1721 quoniam
862 1660 971 1706 eorum
993 1641 1161 1707 verborum
1183 1647 1275 1705 tanta

150 1750 200 1810 661
222 1743 332 1827 copia,
362 1743 450 1807 utin
473 1741 569 1807 unius
590 1741 691 1807 libelli
713 1741 792 1807 fines
814 1742 885 1826 cogi
907 1751 1083 1826 nequeant,
1109 1763 1193 1808 nunc
1221 1763 1275 1827 po-

150 1847 309 1912 tissimum
338 1845 454 1910 verba
477 1844 732 1910 intransitiva
753 1844 941 1927 quibuscum
969 1844 1125 1909 dativus
1147 1845 1276 1909 coniun-

145 1945 239 2033 gitur
261 1948 360 2031 digna
382 1947 460 2012 mibi
482 1947 555 2012 visa
579 1952 659 2031 sunt,
682 1948 722 2012 de
746 1947 862 2029 quibus
884 1953 1099 2030 quaereretur.

235 2050 300 2116 Sed
322 2035 495 2132 antequam
526 2049 570 2114 ad
593 2049 818 2132 exponendum
848 2048 960 2113 horum
983 2048 1152 2115 verborum
1182 2070 1274 2115 usum

151 2153 306 2219 accedam
329 2171 427 2235 quam
450 2151 638 2217 brevissime
661 2150 740 2215 mihi
764 2151 933 2216 dicendum
957 2157 1006 2217 est
1027 2152 1175 2236 primum,
1198 2152 1274 2234 quid

151 2254 344 2320 discriminis
359 2254 442 2317 inter
458 2252 602 2316 dativum
619 2259 650 2317 et
672 2258 794 2317 ceteras
810 2250 975 2337 (6116116)
998 2258 1173 2318 structuras
1188 2254 1275 2338 apud

149 2356 306 2443 pristinae
328 2355 446 2420 aetatis
467 2360 583 2438 poetas
605 2354 794 2438 intercedat,
816 2353 946 2435 deinde,
974 2374 1036 2435 quo
1058 2354 1152 2418 modo
1175 2354 1274 2419 verba

151 2459 328 2544 composita
360 2457 547 2540 quibuscum
581 2456 709 2521 dativus
742 2457 943 2540 coniungitur
972 2456 1173 2540 disponenda
1205 2475 1275 2521 esse

150 2561 339 2645 putaverim,
361 2560 507 2642 denique,
531 2560 646 2641 quibus
668 2558 860 2624 editionibus
876 2578 952 2623 usus
975 2560 1170 2641 omninoque
1190 2559 1275 2643 quod

154 2662 321 2730 consilium
343 2663 377 2727 in
400 2662 556 2747 exemplis
579 2660 763 2727 adferendis
785 2668 914 2727 secutus
936 2662 1005 2726 sim.

236 2767 315 2851 Ipsa
336 2765 505 2831 verborum
528 2764 774 2850 compositorum
797 2764 1028 2848 significatione
1038 2763 1063 2850 1)
1085 2762 1228 2847 efficitur,
1242 2770 1276 2827 ut

150 2871 258 2953 plures
281 2866 530 2933 constructiones
552 2867 778 2934 admittantur:
807 2867 962 2952 pleraque
985 2865 1070 2933 enim
1097 2867 1274 2949 composita

150 2971 296 3037 dativum
324 2970 376 3035 vel
403 2968 676 3053 praepositiones,
705 2968 859 3035 nonnulla
887 2976 919 3034 et
949 2968 1105 3032 dativum
1125 2973 1157 3031 et
1185 2984 1275 3029 aecu-

150 3073 291 3138 sativum
313 3077 346 3137 et
367 3071 621 3155 praepositiones
644 3070 826 3136 adsumunt.

235 3173 279 3240 Ut
300 3173 397 3257 igitur
418 3192 502 3238 nunc
524 3172 565 3238 de
586 3171 701 3237 harum
727 3172 996 3238 constructionum
1020 3177 1052 3236 61
1073 3190 1133 3235 666
1156 3175 1188 3236 61
1210 3169 1274 3234 dis·

150 3276 281 3342 crimine
311 3274 475 3357 universe,
505 3280 660 3357 quantum
682 3273 750 3341 fieri
772 3280 893 3361 potest,
925 3273 1099 3357 disseram,
1128 3272 1275 3337 omnibus

149 3378 256 3444 verbis
291 3376 475 3462 compositis
506 3375 619 3442 localis
654 3383 688 3441 ut
715 3377 762 3443 ita
796 3377 901 3442 dicam
939 3374 1128 3460 significatio
1157 3375 1275 3459 subest,

150 3500 247 3564 quam
270 3502 288 3547 e
309 3479 547 3564 praepositione
557 3480 595 3562 ²),
626 3497 763 3561 quacum
787 3480 963 3563 composita
986 3484 1072 3563 sunt,
1102 3477 1275 3564 recipiunt:

150 3582 331 3667 exprimunt
346 3583 432 3648 enim
448 3587 503 3648 aut
526 3586 646 3647 motum
662 3588 718 3649 aut
743 3602 815 3648 eum
834 3582 889 3666 qui
904 3600 944 3647 ex
967 3581 1173 3647 antecedenti
1189 3586 1276 3644 motu

236 3822 256 3886 ¹)
273 3818 465 3888 Zumptium
482 3821 608 3888 (gramm.
627 3821 716 3888 §4qu
736 3819 875 3875 dicentem
890 3834 953 3874 eum
972 3819 1098 3874 dativum
1117 3815 1164 3886 qui
1180 3814 1274 3869 verbis

149 3904 310 3974 compositis
327 3902 449 3958 adicitur
461 3920 518 3959 non
537 3905 601 3971 evi,
620 3918 692 3973 quae
709 3904 782 3972 ipsis
795 3905 927 3959 subesset
944 3903 1047 3971 verbis,
1065 3900 1197 3971 pendere,
1216 3899 1274 3967 sed,

149 3996 181 4044 ut
197 3990 313 4045 effusior
330 3989 417 4044 oratio
435 3993 574 4059 tamquam
593 3989 842 4059 substringeretur,
860 4006 912 4060 pro
930 3989 1050 4057 repetita
1067 3984 1274 4056 praepositione

149 4075 216 4144 poni
245 4076 298 4129 1616
322 4074 542 4130 Lehmannus
564 4077 603 4143 (p.
622 4077 650 4141 3)
673 4074 713 4128 116
736 4073 886 4142 refutavit,
910 4078 943 4127 ut
965 4087 1000 4127 66
1024 4073 1140 4127 verbum
1162 4070 1274 4141 quidem

148 4160 215 4215 addi
232 4175 349 4216 necesse
369 4174 431 4216 esse
450 4159 588 4214 videatur.
624 4159 672 4228 (cf.
690 4160 830 4229 Ignatinm
847 4163 904 4228 pb
923 4163 951 4212 et
968 4154 1041 4211 infra
1058 4173 1085 4226 p.
1097 4159 1133 4224 4).

233 4248 255 4313 ²)
274 4246 497 4316 praepositiones
521 4244 595 4299 enim
619 4245 733 4315 proprie
754 4244 887 4299 adverbia
909 4242 963 4297 loci
989 4258 1050 4298 esse
1074 4241 1276 4298 demonstravit

148 4332 300 4388 Hessius
318 4331 515 4399 ‘vorlesungen
528 4330 597 4385 liber
609 4330 706 4385 161616.
720 4327 1019 4399 sprachwissenschaft
1036 4328 1080 4383 ed.
1092 4328 1275 4384 Eelrsteinius

147 4418 224 4486 Lips.
246 4418 350 4486 18141,
368 4434 396 4489 p.
412 4418 467 4471 122.
