2850 5002
1231 523 1270 583 27

149 712 220 757 cum
252 691 362 757 dativo
402 691 604 758 coniunctum
646 691 762 775 legitur
794 691 866 758 Aul.
888 692 904 756 I
929 696 961 774 1,
985 693 1041 755 36:
1080 690 1273 775 ‘propinqua

148 794 312 880 partitudo
336 794 411 876 quoi
435 794 515 878 (scil.
537 792 636 877 filiae)
660 793 808 878 adpetit’.

238 899 286 963 18.
329 897 456 966 lldslcre
488 894 603 981 (Naev.
638 893 705 981 ΡΙ.)
759 894 833 960 huic
866 895 963 961 verbo
1000 895 1145 960 dativum
1178 914 1274 978 quem

150 999 279 1084 proprie
308 998 443 1064 dicimus
474 997 632 1063 commodi
663 997 849 1063 adiecerunt
872 1004 1003 1064 Naevius
1025 1018 1104 1064 com.
1126 997 1163 1061 fr.
1184 1019 1213 1064 v.
1237 1001 1273 1061 5:

150 1101 238 1167 ‘Tibi
259 1101 343 1166 servi
365 1101 457 1166 multi
479 1105 559 1186 aput
581 1120 728 1166 mensam
751 1099 894 1165 adstant'
922 1106 953 1165 ct
976 1107 1106 1166 Piooius
1129 1099 1201 1166 Cas.
1223 1099 1274 1165 ΙΙΙ

152 1206 180 1288 3,
204 1208 239 1267 5:
272 1203 368 1269 ‘Dum
391 1209 463 1268 asto
485 1202 662 1268 advocatus
686 1202 840 1286 quoidam
863 1207 997 1286 cognato
1020 1202 1114 1268 meo’.
1158 1201 1274 1268 deinde

151 1305 295 1371 dativum
329 1307 436 1390 posuit
466 1312 611 1384 Plautus,
646 1325 715 1370 cum
747 1304 878 1389 propria
912 1304 960 1369 vis
990 1304 1074 1370 inest
1104 1305 1138 1369 in
1169 1305 1274 1387 verbo,

152 1408 242 1493 Capi.
270 1412 349 1472 664:
383 1408 430 1472 ‘ut
464 1406 657 1474 confidenter
689 1406 767 1471 mihi
798 1412 909 1472 contra
940 1405 1062 1491 asticis,
1096 1407 1274 1490 eodemque

150 1530 247 1577 sensu
279 1510 458 1576 adhibitum
491 1508 552 1574 hoc
584 1509 717 1575 verbum
749 1529 819 1574 cum
853 1509 1038 1575 accusativo
1070 1509 1275 1592 coniungitur·

150 1621 252 1680 Piaoi.
276 1613 363 1680 Pers.
387 1615 442 1676 13:
475 1612 555 1680 ιΤΟ.
577 1610 655 1692 Quis
678 1612 744 1677 illic
766 1617 827 1695 est,
856 1611 911 1694 qui
937 1617 1048 1676 contra
1080 1631 1130 1677 me
1161 1610 1273 1676 astat?

152 1714 213 1781 SA.
236 1714 297 1779 Hic
327 1714 399 1798 quis
429 1721 487 1798 est,
518 1715 572 1797 qui
600 1723 711 1781 contra
739 1734 790 1780 me
820 1712 952 1796 astati’,
980 1714 1065 1780 Pers.
1089 1716 1168 1778 208:
1199 1713 1274 1781 ‘S0.

153 1816 238 1894 Quid
264 1818 359 1901 agis?
403 1819 467 1884 ΡΑ.
498 1818 665 1882 Feminam
689 1817 858 1882 scelestam
882 1823 914 1881 tc
937 1822 1047 1881 astans
1069 1821 1181 1881 contra
1203 1836 1275 1881 con-

152 1917 244 1984 tuor'.
296 1919 410 2003 quibus
434 1920 512 1986 locis
536 1939 624 2003 cave,
652 1939 692 1984 ne
716 1919 934 1984 accusativum
954 1919 1095 2003 pendere
1112 1919 1273 1984 a‘contra’

151 2027 262 2105 putes:
293 2043 367 2086 nam
395 2021 533 2086 ‘contra'
561 2021 647 2103 apud
670 2021 822 2085 Plautum
845 2041 971 2104 semper
993 2021 1180 2086 adverbium
1203 2040 1275 2087 esso

152 2122 383 2188 demonstravit
414 2122 644 2186 Fleckeisenus
674 2120 817 2206 (exercit.
849 2122 986 2187 Plautin.
1017 2123 1159 2206 Gotting.
1193 2126 1273 2189 1843

152 2245 183 2308 p.
199 2222 253 2309 33)
276 2261 318 2271 -
341 2223 453 2289 addita
478 2228 585 2288 autem
600 2223 840 2308 praepositione
855 2243 981 2309 semper
1003 2225 1091 2290 locus
1113 2225 1275 2291 indicatur

155 2327 186 2411 1)
210 2326 259 2391 ad
282 2334 381 2393 Ploot.
404 2327 497 2393 Most.
521 2329 598 2390 768:
633 2326 688 2391 ‘ad
712 2325 848 2392 ostium’.
892 2324 924 2412 2)
947 2334 1035 2393 ante
1058 2336 1157 2394 Ploot.
1182 2332 1274 2395 Truc.

151 2430 217 2512 12,
242 2431 281 2493 73
315 2434 346 2494 ot
379 2429 495 2495 Bacch.
518 2431 597 2493 768:
634 2429 722 2493 ‘ante
759 2427 896 2509 ostium'‚
929 2427 1045 2494 Bacch.
1068 2433 1147 2495 978:
1185 2432 1275 2497 ‘ante

151 2532 298 2616 portam'‚
332 2532 415 2598 Men.
438 2535 516 2596 631:
553 2534 644 2595 ‘ante
673 2529 777 2596 aedis'
814 2530 852 2596 cf.
876 2530 952 2597 ibid.
979 2535 1049 2615 676,
1085 2533 1179 2599 Mero.
1204 2536 1274 2600 821.

152 2633 185 2720 3)
208 2635 308 2718 apud
329 2642 421 2701 Noeo.
438 2632 629 2721 (cisupra):
657 2633 749 2718 ‘aput
763 2633 929 2715 mensam’,
951 2641 1021 2700 Ace.
1041 2655 1070 2699 v.
1086 2637 1163 2698 343:
1186 2635 1274 2720 ‘aput

152 2736 277 2820 ipsum'‚
309 2740 490 2802 Att.r.10
520 2735 627 2822 (Ribb.
650 2755 727 2800 com.
750 2735 786 2800 fr.
816 2755 847 2819 p.
872 2733 962 2820 161):
996 2736 1135 2821 ‘Nempe
1164 2737 1274 2803 adstat

152 2837 241 2903 sinus
275 2839 362 2922 apud
391 2858 548 2923 mensam,
582 2838 636 2903 ubi
666 2857 769 2902 sermo
800 2837 882 2902 solet
910 2837 1053 2903 Suboriri
1083 2838 1274 2904 seditiosus’.

152 2940 198 3006 sic
220 2940 304 3005 hunc
326 2960 452 3005 versum
476 2941 636 3026 supplevit
658 2938 855 3005 Ribbeclrius
882 2958 922 3004 ex
950 2939 1080 3006 scholiis
1102 2940 1218 3007 Veron.
1239 2942 1274 3005 in

151 3042 272 3126 Vergil.
294 3043 351 3109 ecl.
375 3047 403 3127 7,
426 3045 479 3125 32,
509 3042 566 3107 sed
603 3048 707 3107 utrum
744 3041 823 3107 illud
855 3040 955 3106 ‘sinus
992 3042 1081 3126 apud
1117 3042 1273 3108 mensam'

150 3152 236 3212 recte
258 3146 378 3212 cruerit
400 3165 513 3228 necne,
544 3145 718 3227 quaeritur,
748 3164 832 3227 oum,
860 3149 896 3209 ut
923 3144 972 3209 ait
993 3143 1063 3228 ipso
1084 3145 1188 3227 Ribb,
1215 3165 1274 3212 neo

151 3250 356 3314 Hermannus
385 3268 445 3314 neo
467 3248 593 3314 Koilius
619 3247 699 3312 illud
720 3249 826 3331 legere
848 3247 1018 3332 potuerint.
1062 3247 1094 3331 4)
1118 3248 1154 3313 in
1173 3256 1273 3314 Pioot.

151 3349 266 3416 Bacch.
282 3354 360 3416 815:
383 3349 429 3414 ‘in
453 3370 550 3435 eopse
571 3349 699 3433 lapide,
724 3349 810 3415 Trin.
826 3351 883 3413 85:
908 3349 953 3413 ‘in
975 3349 1156 3416 columine’.
1199 3349 1274 3416 huic

150 3452 248 3517 verbo
271 3452 347 3516 mihi
369 3453 467 3517 liceat
490 3452 668 3535 adiungere

240 3556 285 3617 19.
329 3554 489 3635 ldslslere,
513 3554 598 3637 quod
621 3553 766 3618 similiter
789 3558 886 3636 atque
909 3552 1041 3619 adstare
1056 3573 1127 3619 cum
1143 3573 1273 3618 accusa·

151 3653 216 3718 tiro
239 3655 442 3737 coniungitur·
464 3655 552 3739 apud
573 3662 718 3722 Picatum
740 3655 854 3722 Pseud.
871 3660 948 3718 155:
972 3655 1140 3722 ‘Adsistite
1162 3675 1272 3721 omncs

151 3764 263 3822 contra
285 3755 358 3822 me’.
395 3765 426 3822 ia
444 3757 639 3842 praepositio
656 3764 828 3842 usurpatur
843 3757 932 3843 apud
947 3758 1082 3823 eundem
1099 3759 1181 3823 Men.
1194 3760 1272 3822 865:

149 3860 232 3924 ‘iam
249 3858 361 3924 adstiti
376 3859 408 3922 in
425 3859 573 3944 currum’,
582 3872 716 3942 propter
729 3860 847 3944 legitur
861 3858 949 3944 apud
958 3865 1124 3926 Terentium
1139 3860 1274 3944 Adelph.

64 3957 75 3965 '
153 3963 229 4025 169:
253 3960 317 4025 ‘hio
338 3965 469 4046 propter
490 3960 575 4026 hunc
596 3962 741 4028 adsistc’.

236 4066 285 4130 20.
329 4063 512 4131 lulecedere
541 4062 601 4150 (Pl.
629 4067 701 4130 Ter.
724 4063 835 4150 Titin.)
864 4064 995 4149 propria
1023 4064 1056 4129 vi
1085 4071 1272 4148 usurpatum

151 4187 221 4231 cum
253 4167 366 4231 dativo
397 4166 561 4231 coniunxit
592 4173 749 4233 Terentius
772 4167 898 4232 Phorm.
922 4171 1000 4232 525:
1032 4167 1164 4232 ‘Verum
1191 4163 1272 4231 haec

151 4266 249 4353 (dies)
282 4268 313 4334 ci
347 4268 439 4355 (diei)
473 4269 653 4335 antecessit.
707 4269 790 4334 inest
825 4269 857 4333 in
891 4269 988 4334 verbo
1026 4269 1274 4352 comparationis

151 4368 317 4435 cuiusdam
347 4372 433 4436 notio
462 4372 549 4455 apud
577 4379 718 4437 Plautum
741 4370 855 4438 Pseud.
879 4373 956 4437 532:
988 4371 1128 4436 ‘Virtute
1150 4380 1182 4434 to
1204 4369 1273 4452 regi

150 4468 320 4557 Agathocli
336 4473 559 4542 antecessoris’
582 4478 615 4541 et
633 4479 774 4543 Titinium
796 4492 825 4543 v.
843 4478 897 4539 11:
919 4471 975 4539 ubi
989 4479 1049 4541 iam
1063 4471 1270 4539 ambitionem
