2850 5002
1232 533 1272 619 ³⁵

149 722 245 768 senus
281 702 365 768 hunc
401 722 528 768 versum
567 701 808 767 transformavit
844 721 902 766 nec
939 701 1025 765 male
1057 700 1091 764 id
1129 699 1272 792 quidem!

150 805 344 870 novissimus
372 806 615 890 Amphitruonis
642 804 743 870 editor
773 824 844 869 cum
873 803 964 869 libris
994 803 1136 888 scripsit:
1169 802 1218 868 ‘si
1239 801 1274 866 id

149 908 347 1004 Alcumenae
377 908 538 973 innocenti
569 906 721 993 expetat'.
775 907 831 972 sed
861 906 981 990 duplex
1013 904 1119 970 hiatus
1152 904 1273 970 nemini

150 1030 229 1075 sano
252 1009 370 1076 iudicio
393 1011 540 1096 praedito
556 1010 686 1096 probari
702 1016 817 1094 potest.
859 1009 971 1092 itaque
993 1007 1187 1074 confidenter
1201 1026 1273 1072 cum

150 1112 358 1203 Lachmanno
393 1114 439 1198 (in
471 1115 563 1180 Lucr.
593 1135 623 1198 p.
649 1114 723 1199 161)
757 1113 908 1178 restitue:
946 1111 981 1177 Si
1013 1110 1048 1175 id
1080 1110 1273 1176 Alcumenas

148 1215 350 1280 innocentiae
372 1216 525 1300 expetat,
556 1215 641 1299 quod
669 1214 844 1287 Ritschelio
873 1233 1001 1297 quoque
1023 1214 1129 1298 placet
1151 1210 1273 1298 (opusc.

147 1319 197 1384 ΙΙΙ
216 1339 247 1402 p.
272 1319 345 1404 133)
376 1317 413 1384 cf.
436 1318 476 1383 de
507 1310 657 1401 genetivo
684 1318 718 1383 in
741 1340 777 1383 os
799 1317 930 1383 exeunti
953 1316 1072 1382 Ritsch.
1095 1334 1200 1400 opusc.
1222 1314 1272 1380 111

147 1442 178 1505 p.
203 1426 272 1487 115.
294 1458 337 1467 -
358 1420 434 1487 ibid.
457 1423 535 1485 895:
558 1421 665 1487 ‘Nunc
687 1427 794 1486 autem
817 1421 937 1484 insonti
960 1418 1038 1483 mihi
1060 1418 1152 1485 Illius
1174 1417 1224 1482 ira
1237 1416 1273 1481 in

148 1524 232 1588 hanc
254 1529 285 1589 et
308 1523 480 1588 maledieta
502 1522 676 1608 expetent’‚
697 1523 763 1588 Mil.
779 1524 858 1586 393:
883 1520 987 1586 ‘Satin
1009 1521 1122 1586 eadem
1143 1519 1177 1584 in
1195 1518 1275 1603 vigi·

147 1626 228 1691 lanti
251 1632 417 1711 expetunt,
446 1646 530 1708 quae
560 1627 593 1691 in
624 1626 745 1690 somnis
767 1626 838 1691 visa
867 1623 1074 1689 memorasl'.
1119 1623 1165 1688 sic
1186 1625 1272 1688 enim

148 1727 341 1793 Ritschelius
363 1747 457 1811 quem
479 1729 708 1794 Fleckeisenus
731 1733 763 1793 ct
785 1727 961 1792 Lorenzius
984 1726 1085 1792 secuti
1100 1733 1173 1790 sunt
1187 1723 1271 1789 huno

148 1828 251 1894 locum
275 1830 409 1914 scripsit,
432 1852 502 1896 cum
524 1832 557 1896 in
578 1835 608 1899 Α
629 1831 748 1914 legisse
761 1831 832 1896 sibi
854 1830 1018 1894 videretur
1040 1827 1086 1894 ‘ia
1101 1826 1273 1910 vigilanti’.

150 1951 214 2014 qua
243 1932 381 1998 lectione
411 1940 539 2017 recepta
569 1953 640 1998 cum
667 1933 823 2000 Loreuzio
850 1931 1040 1998 vertendum
1064 1935 1128 1995 est:
1159 1929 1273 1994 wider-

149 2034 263 2101 fahrcn
285 2036 371 2101 deun
386 2034 532 2099 vvirlrlich
557 2034 720 2100 diesclben
743 2033 993 2118 begebeuheiten
1009 2081 1108 2100 .....
1124 2031 1174 2097 dir
1188 2030 1271 2097 auch

149 2138 193 2201 im
215 2137 414 2203 wachenden
437 2136 617 2202 zustandel
653 2137 836 2221 chpcrtus
860 2135 987 2221 (studl
1006 2138 1031 2218 l,
1052 2155 1083 2218 p.
1097 2133 1149 2221 14)
1165 2140 1272 2200 autem

150 2256 244 2322 quem
268 2240 396 2305 Brixius
419 2245 546 2305 secutus
569 2246 616 2304 est
638 2239 672 2303 in
693 2240 723 2304 Α
746 2238 891 2303 dativum
915 2237 1069 2321 scriptum
1092 2256 1163 2302 esse
1187 2237 1274 2321 dicit,

150 2343 204 2425 qui
226 2343 259 2407 in
281 2342 410 2408 relicuis
433 2358 559 2424 quoque
582 2340 746 2407 codicibus
768 2346 864 2407 extat.
908 2345 1046 2422 utraque
1077 2359 1155 2405 sanc
1176 2340 1272 2405 lectio

148 2444 224 2510 ferri
252 2451 366 2530 potest.
410 2445 526 2533 deinde
555 2452 588 2510 io
617 2444 814 2528 praepositio
846 2464 916 2509 cum
947 2442 1132 2508 accusativo
1161 2443 1272 2507 iuncta

149 2549 305 2632 reperitur
327 2547 441 2633 Amph.
464 2551 544 2612 495:
578 2548 677 2612 ‘Nam
701 2547 796 2613 deum
816 2546 822 2632 l
840 2567 904 2611 non
925 2564 986 2630 par
1008 2545 1136 2610 videtur
1157 2545 1273 2630 facere,

149 2650 302 2715 delictum
325 2671 416 2715 suum
436 2651 441 2736 Ι
461 2669 616 2732 suamque
646 2655 681 2715 ut
712 2651 840 2734 culpam
871 2655 1023 2733 expetere
1049 2649 1083 2712 in
1105 2649 1272 2714 mortalem

149 2751 256 2834 sinat,
277 2752 351 2816 ibid.
367 2754 444 2816 589:
468 2751 602 2830 ‘Quoius
617 2771 676 2835 ego
690 2750 787 2817 hodie
802 2751 835 2815 in
850 2759 973 2834 tergum
992 2750 1069 2816 fauo
1091 2751 1155 2815 ista
1179 2770 1273 2836 expe-

149 2859 220 2919 tant
252 2854 446 2919 mendaoia’.
500 2855 616 2938 quibus
653 2854 811 2938 exemplis
847 2855 1010 2937 ‘expetere
1046 2853 1079 2918 in
1117 2853 1272 2936 aliquem’

149 2956 336 3022 vertendum
356 2957 361 3040 l
380 2962 444 3022 est:
468 2955 710 3040 aufjemanden
725 2956 833 3039 fallen,
854 2955 910 3019 ihn
932 2957 1055 3041 treffen‚
1075 2954 1142 3020 ihm
1158 2956 1272 3021 wider-

149 3058 271 3126 lahren.
325 3059 407 3124 inter
439 3058 523 3125 hanc
556 3064 664 3124 autem
698 3064 890 3123 structuram
925 3064 956 3123 et
989 3057 1135 3123 dativum
1167 3058 1273 3124 simile

149 3163 312 3245 quoddam
354 3162 510 3228 interesse
552 3160 631 3226 mihi
668 3161 796 3226 videtur
836 3166 935 3242 atque
970 3161 1053 3226 inter
1088 3160 1271 3243 genetivum

148 3264 340 3330 obiectivum
361 3271 393 3330 ct
414 3264 686 3350 praepositionem
709 3270 742 3330 ia
763 3283 835 3328 cum
858 3264 1045 3329 accusativo
1061 3263 1272 3348 coniunctam,

149 3387 213 3449 qua
236 3367 403 3449 genetivus
425 3368 608 3433 accuratius
631 3366 830 3433 describitur.
1052 3424 1055 3430 ,

236 3472 284 3534 33.
329 3468 592 3556 insereremur)
623 3470 684 3534 hoc
713 3489 776 3533 uno
805 3469 875 3534 loco
905 3468 993 3553 apud
1024 3475 1170 3534 Plautum
1198 3487 1271 3533 cum

149 3570 257 3635 dativo
279 3572 397 3655 legitur
420 3573 500 3637 Rud.
515 3573 594 3636 693:
623 3571 803 3638 ‘Praesidio
825 3571 960 3636 Veneris
982 3570 1127 3639 malitiae
1147 3569 1272 3635 lenonis

82 3704 85 3709 ·
148 3679 259 3737 contra
294 3673 442 3739 incedam
450 3673 465 3740 '.
508 3674 566 3740 sed
594 3675 647 3740 hic
675 3675 804 3740 dativus
835 3693 899 3737 non
927 3678 995 3737 tam
1024 3672 1065 3737 ab
1095 3672 1270 3739 ‘incedam’

149 3795 247 3858 quam
281 3775 323 3841 ab
356 3776 479 3841 ‘contra
511 3776 674 3842 incedam‘
698 3809 740 3830 =
762 3776 939 3841 ‘resistam’
971 3776 1099 3860 pendet.
1156 3774 1271 3841 addita

148 3883 256 3943 autem
279 3879 517 3964 praepositione
539 3881 627 3945 locus
650 3879 810 3944 indicatur
824 3884 928 3944 Ploot.
946 3877 1061 3961 Amph.
1076 3880 1153 3942 335:
1177 3879 1271 3943 ‘inoe

148 3981 194 4045 dit
218 3980 262 4045 ad
283 3979 357 4063 me',
391 3981 476 4047 Trin.
502 3987 600 4045 1151:
633 3981 702 4064 ‘qui
729 3980 792 4046 huc
814 3979 858 4045 ad
879 4000 939 4045 nos
960 3978 1094 4046 incedit'
1123 3978 1161 4045 cf.
1184 3979 1271 4044 Pers.

147 4088 210 4148 200
241 4085 334 4149 Most.
357 4086 431 4165 986,
462 4083 517 4149 ubi
538 4084 594 4149 ‘ad
616 4084 687 4149 nos'
715 4089 750 4148 ut
772 4083 938 4167 adiciatur,
961 4087 1097 4148 metrum
1118 4080 1271 4167 postulat,

147 4193 179 4251 et
212 4192 322 4253 Coccil.
354 4206 384 4252 v.
407 4188 464 4250 76:
502 4185 599 4251 ‘filius
632 4186 665 4251 in
698 4206 749 4252 me
782 4185 921 4252 incedit'.
975 4191 1146 4269 praeterea
1181 4182 1270 4269 apud

149 4288 307 4354 Naevium
337 4289 486 4354 Plautum
517 4287 693 4354 Caecilium
721 4289 906 4354 Terentium
935 4286 1103 4355 Afranium
1130 4286 1270 4351 Novium

148 4388 208 4454 hoc
238 4390 370 4457 verbum
402 4391 548 4458 absolute
579 4396 703 4457 tantum
733 4397 916 4477 usurpatur.
967 4388 1025 4455 sed
1055 4393 1157 4454 restat
1187 4409 1270 4454 unus

151 4497 283 4559 Terentii
297 4512 417 4575 versus,
438 4494 536 4559 Andr.
553 4497 613 4558 730
637 4493 692 4577 qui
715 4492 761 4558 sic
782 4493 900 4577 legitur
914 4492 947 4557 in
962 4490 1140 4557 codicibus:
1162 4488 1270 4556 ‘Nova

1023 4607 1063 4662 31
