2850 5002
146 424 186 486 22

596 693 736 798 eaput
762 696 824 777 ΙΙ.

235 904 282 968 11.
324 901 493 970 nesseden
508 898 583 986 (Pl),
604 898 753 983 quoniam
769 898 965 963 eontrarium
981 904 1030 963 est
1044 897 1166 964 notioni
1188 899 1272 963 ‘een-

146 1001 312 1087 tingendi’,
335 1004 435 1068 semel
457 1010 586 1070 Plautus
602 1021 672 1067 eum
696 1002 807 1066 dativo
828 1023 982 1082 personae
1004 1001 1168 1066 coniunxit
1183 1001 1274 1069 Trin.

148 1110 223 1170 745:
250 1104 339 1170 ‘huie
369 1105 505 1171 dueendi
527 1105 651 1170 interea
673 1106 866 1189 apsaesserit
893 1103 1040 1186 Lubido’,
1083 1103 1273 1188 plerumque

147 1207 308 1273 ablativus
330 1207 454 1292 positus
476 1213 526 1274 est
553 1206 674 1272 additis
696 1230 716 1273 o
736 1208 789 1272 vel
812 1230 828 1274 5
849 1204 1150 1292 praepositionibus.
1194 1212 1274 1272 Noa·

147 1317 211 1376 otus
237 1315 346 1374 autem
375 1310 645 1396 praepositionem
669 1310 830 1395 repetivit,
857 1330 928 1375 eum
951 1308 991 1374 de
1013 1308 1140 1374 homine
1162 1308 1273 1391 aliquo

148 1412 255 1496 agitur
285 1414 340 1495 qui
369 1432 390 1476 a
419 1412 527 1498 pueris
555 1411 586 1478 h.
608 1432 634 1478 e.
657 1411 795 1497 pueritia
822 1412 980 1478 abscessit
1011 1430 1088 1478 eom.
1110 1409 1148 1477 ir.
1170 1432 1198 1476 v.
1222 1412 1274 1494 26,

148 1534 243 1598 quem
266 1535 393 1580 versum
417 1534 487 1579 eum
508 1514 686 1581 Ribbeekio
708 1515 795 1598 lego:
818 1515 942 1597 ‘Neque
964 1512 1137 1579 admodum
1160 1532 1274 1598 apue-

146 1617 191 1682 ris
213 1617 369 1683 abscessit
391 1637 494 1700 neque
516 1617 690 1682 admodum
713 1615 1009 1700 adulescentulust',
1031 1623 1159 1683 Plantas
1181 1635 1274 1699 prae-

148 1719 338 1803 positionem
368 1719 494 1785 addidit
523 1719 567 1783 ad
598 1720 702 1783 loenm
731 1718 974 1802 signifieandum
1002 1719 1138 1786 Mostell.
1161 1721 1194 1783 8:
1217 1718 1273 1784 ‘ab

149 1821 295 1887 aedibus'
318 1822 360 1889 ef.
382 1821 459 1886 ibid.
482 1825 552 1904 465,
574 1821 650 1889 ibid.
674 1825 708 1886 9:
732 1821 787 1887 ‘ab
809 1821 922 1887 ianua'
946 1821 984 1886 ef.
1006 1820 1082 1886 ibid.
1104 1824 1175 1906 512,
1196 1820 1274 1887 ibid.

149 1926 226 1989 857:
250 1926 283 1989 ‘a
305 1923 442 2009 pedibus
464 1922 547 2005 tuis’,
571 1923 635 1989 Mil.
657 1926 735 1988 200:
758 1924 834 2008 ‘aps
849 1923 905 2004 te',
927 1923 1021 2008 Epid.
1037 1923 1069 1988 II
1092 1925 1120 2006 2,
1135 1926 1191 1987 53:
1218 1922 1273 1988 ‘ab

147 2025 233 2108 illis’,
255 2025 329 2092 Cas.
350 2027 400 2091 Ill
423 2030 451 2110 5,
473 2030 507 2090 6:
530 2026 585 2090 ‘ab
607 2028 691 2111 ista',
713 2027 809 2092 Poen.
831 2028 847 2091 Ι
869 2028 989 2110 2,151:
1021 2025 1145 2111 ‘procul
1167 2044 1274 2091 eoen-

148 2128 272 2214 speetu'
295 2127 333 2194 ef.
355 2129 441 2195 Pers.
463 2132 533 2193 466.
556 2132 616 2194 727
641 2129 735 2213 Oapt.
758 2132 819 2191 134
850 2128 932 2194 Men.
956 2130 1034 2192 849:
1067 2127 1124 2193 ‘Ni
1145 2127 1211 2192 iam
1233 2149 1274 2193 aa

149 2232 230 2297 meis
252 2232 352 2297 oeulis
368 2231 524 2298 abscedat
539 2250 726 2295 maxumam
749 2231 782 2294 in
798 2231 918 2295 malam
935 2229 1082 2315 erueem’,
1103 2229 1157 2295 ubi
1180 2248 1273 2315 prae·

149 2334 266 2416 positio
281 2335 315 2397 in
330 2334 420 2398 libris
436 2335 556 2398 omissa
575 2338 661 2399 reete
684 2333 726 2398 ab
742 2332 919 2399 editoribus
935 2332 1064 2398 adieeta
1079 2338 1136 2398 est.
1172 2339 1274 2397 trans

149 2438 217 2501 lato
240 2443 346 2500 antem
362 2455 459 2501 sensu
473 2441 627 2520 usurpato
650 2434 724 2501 huie
746 2436 843 2502 verbo
860 2442 987 2501 Plautus
1002 2434 1273 2519 praepositionem

150 2537 301 2621 adposuit
322 2537 402 2604 Rud.
420 2540 515 2601 1190:
539 2538 626 2602 ‘dum
648 2538 804 2623 apseedat
826 2538 904 2603 haee
927 2557 1015 2602 ame
1036 2535 1273 2620 aegrimonia?

149 2641 259 2723 itaque
288 2640 396 2706 neseio
425 2660 469 2705 an
497 2641 591 2725 Epid.
621 2642 708 2725 112,
735 2644 793 2705 100
824 2642 879 2722 qni
908 2659 1020 2705 versus
1048 2640 1081 2703 in
1109 2640 1273 2706 eodioibus

151 2743 272 2807 omissa
298 2742 538 2827 praepositione
567 2744 613 2808 sie
638 2744 767 2827 legitur:
796 2744 860 2809 PE.
887 2742 979 2807 ‘Rem
1006 2741 1112 2807 herois
1134 2741 1273 2825 loquere

150 2846 214 2914 ΕΡ.
243 2851 275 2910 et
297 2846 432 2930 repperi,
454 2845 536 2911 haee
565 2852 597 2911 te
625 2847 680 2929 qui
711 2845 867 2911 abseedat
896 2843 1048 2929 suspieio’
1071 2844 1273 2911 scribendum

152 2948 207 3012 sitt
237 2947 301 3013 PE.
330 2949 421 3013 ‘Rem
454 2948 558 3013 herole
587 2949 726 3032 loquere.
752 2949 815 3014 ΕΡ.
838 2952 869 3013 51
892 2947 1031 3031 repperi,
1054 2966 1115 3032 aps
1137 2952 1170 3012 te
1191 2946 1273 3013 haee

152 3049 207 3132 qni
229 3049 385 3133 apscedat
407 3050 568 3133 suspicio’.
612 3051 788 3133 eodemque
810 3050 905 3114 modo
928 3055 1089 3115 Terentius
1111 3049 1273 3134 praeposi·

152 3153 239 3216 tione
267 3171 343 3215 usus
370 3156 419 3215 est
449 3150 564 3235 Heoyr.
592 3154 667 3215 781:
698 3151 772 3215 ‘eito
795 3152 837 3216 ab
860 3171 898 3216 eo
926 3150 1007 3218 haee
1028 3152 1078 3217 ira
1100 3150 1273 3217 abscedet’.

240 3256 288 3316 12.
331 3253 482 3322 tenedus
506 3252 567 3337 (Pl.
590 3252 675 3340 Ter.)
707 3255 850 3336 sequitur
878 3253 1007 3319 dativus
1036 3258 1093 3318 aut
1122 3254 1191 3320 eius
1220 3253 1274 3338 qni

153 3354 252 3419 animi
280 3354 409 3420 adfectu
439 3364 645 3421 eonmevetur
668 3356 756 3441 apud
779 3365 919 3423 Plautum
941 3354 1057 3440 Amph.
1073 3359 1151 3423 709:
1172 3357 1274 3423 ‘Num

151 3458 210 3524 tibi
232 3463 289 3522 aut
311 3457 447 3523 stultitia
469 3457 606 3524 aeeessit
628 3466 684 3524 aut
707 3465 838 3543 superat
860 3457 1067 3544 superbia?';
1098 3459 1274 3544 eademque

153 3561 246 3625 modo
258 3561 376 3626 dietum
389 3561 579 3627 transfertur
595 3561 637 3626 ad
651 3581 717 3627 rem
734 3562 821 3646 apud
833 3562 971 3627 eundem
985 3566 1115 3646 poetam
1127 3562 1223 3628 More.
1232 3565 1272 3626 25

152 3682 232 3746 sqqs
259 3663 337 3729 ‘Sed
359 3664 461 3728 amori
483 3664 638 3730 aeeedunt
660 3664 758 3729 etiam
783 3664 863 3730 haee
886 3684 969 3747 quae
991 3663 1059 3730 dixi
1081 3665 1202 3731 minus:
1224 3665 1274 3730 In-

153 3765 285 3849 somnia,
307 3784 469 3849 aerumna,
492 3786 585 3848 error,
608 3774 709 3832 terror
724 3772 756 3832 et
774 3766 858 3850 fuga,
880 3765 1007 3851 Ineptia
1024 3772 1121 3850 atque
1136 3766 1272 3832 stultitia

153 3867 235 3934 adeo
252 3874 283 3932 et
298 3866 469 3950 temeritas,
492 3868 713 3952 Ineogitantia,
736 3889 848 3934 exsors
863 3868 1066 3952 inmodestia,
1088 3866 1271 3933 Petulantia

152 3976 184 4035 et
215 3968 390 4054 eupiditas,
420 3970 670 4055 malivolentia',
703 3977 758 4036 aut
789 3971 858 4036 eius
890 3971 944 4052 qui
973 3970 1006 4035 in
1036 3967 1270 4054 possessionem

153 4072 290 4138 alieuius
320 4070 366 4136 rei
394 4071 483 4137 venit
505 4072 594 4156 apud
615 4079 757 4138 Plautum
785 4073 868 4140 Men.
884 4075 940 4137 82:
968 4073 1129 4150 ‘Namque
1151 4067 1273 4135 homini

154 4176 270 4240 misero
293 4174 320 4240 si
336 4174 380 4240 ad
394 4173 514 4239 malum
529 4175 653 4241 aceedit
668 4176 814 4258 malum'‚
836 4174 987 4259 EpidIII
1003 4177 1032 4255 4,
1042 4173 1098 4237 39:
1119 4171 1173 4237 ‘Ei
1188 4190 1272 4254 quae

153 4296 325 4359 aooessere,
340 4276 397 4342 tibi
414 4275 536 4341 addam
551 4277 635 4342 dono
649 4278 764 4360 gratiis
771 4279 787 4363 ’,
802 4277 889 4363 apud
904 4280 1073 4341 Terentiam
1086 4273 1185 4340 Andr.
1197 4277 1273 4343 215:

153 4379 209 4443 ‘ad
231 4379 309 4445 haee
332 4379 418 4445 mala
442 4379 567 4444 boemi
590 4380 714 4445 aooedit
735 4379 850 4446 etiam:
880 4377 960 4443 haee
981 4376 1125 4463 Andria,
1146 4375 1183 4444 si
1208 4378 1273 4447 ista
