2850 5002
196 0 259 56 ru

127 0 283 139 <ructui

548 114 579 141 ,¹
738 120 747 139 o

227 165 405 209 ...—
492 204 498 208 .
576 204 580 209 .

1240 567 1280 629 37

157 738 237 825 prol.
260 741 318 802 29:
352 735 516 803 ‘inhaeret
546 737 645 804 etiam
668 722 827 818 aviditas,
847 735 980 819 residia,
1002 734 1136 818 iniuria,
1157 734 1282 820 Inopia,

120 852 127 868 ’
157 839 350 909 contumelia
374 845 406 906 θῖ
428 838 644 926 dispendium,
667 839 918 923 multiloquium,
940 837 1203 924 pauciloquium',
1225 837 1280 902 ubi
1389 868 1392 875 ·

158 964 199 1009 ex
222 941 484 1009 antecedentibus
507 941 689 1007 addendum
712 946 762 1008 θεῖ
784 940 919 1008 ‘amori'.

187 1108 190 1116 .
244 1049 293 1112 37.
316 1047 436 1114 innasci
460 1043 522 1130 (Pl.
545 1043 632 1130 Ter.)
661 1051 761 1110 Pleni.
783 1045 870 1110 Pers.
893 1046 972 1108 314:
1005 1041 1153 1121 ‘Quando
1179 1042 1281 1109 istaec

157 1148 299 1214 innatast
320 1147 392 1213 tibi’
415 1145 496 1232 (scii.
519 1144 667 1232 vomica),
701 1146 767 1214 Mil.
792 1149 889 1211 1063:
920 1146 1006 1211 ‘Non
1032 1144 1111 1209 mihi
1140 1145 1281 1211 avaritia
1356 1206 1360 1217 .

157 1240 307 1333 umquam
323 1250 478 1332 innatast,
501 1256 621 1315 Terent.
638 1249 735 1313 Andr.
751 1251 829 1312 626:
851 1250 973 1313 ‘Tanta
995 1248 1146 1314 vecordia
1165 1248 1280 1314 innata

156 1353 305 1436 cuiquam
328 1357 363 1417 ut
390 1350 475 1436 siet',
506 1352 585 1417 Hec.
608 1354 686 1415 543:
717 1352 816 1417 ‘Nam
845 1351 879 1416 id
906 1351 1053 1416 omnibus
1081 1350 1281 1418 innatumst’.

155 1455 329 1521 ‘omnibus'
354 1454 439 1520 enim
470 1458 519 1519 est
547 1453 581 1517 in
604 1454 777 1537 codicibus,
811 1452 868 1519 sed
897 1453 977 1518 illud
1007 1453 1177 1518 delendum
1206 1473 1279 1519 esse

155 1559 320 1624 Bentleius
349 1576 443 1639 quern
471 1556 638 1621 novissimi
661 1556 800 1621 editores
823 1556 924 1622 secuti
947 1561 1020 1621 sunt
1042 1555 1216 1640 perspexit.
1237 1593 1280 1605 -

155 1661 254 1726 semel
275 1659 361 1744 apud
386 1667 529 1725 Plantnn
551 1659 748 1744 praepositio
776 1658 883 1743 posita
909 1664 958 1723 θεῖ
985 1658 1074 1723 nullo
1096 1658 1280 1725 discrimine

154 1763 237 1828 iuter
258 1761 344 1828 hanc
366 1767 558 1827 structuram
581 1768 613 1828 et
635 1762 781 1827 dativum
803 1761 1022 1827 intercedente
1038 1762 1162 1826 Poeni
1177 1764 1205 1846 2,
1221 1764 1279 1826 87:

154 1865 297 1930 ‘Invidia
319 1864 352 1929 in
375 1884 426 1929 me
448 1885 624 1947 numquam
647 1864 792 1929 innatast
814 1882 919 1945 neque
941 1862 1091 1930 malitia'.

240 1970 290 2032 38.
337 1968 509 2052 impendere
525 1965 599 2052 (Pl.)
622 1967 723 2033 semel
744 1987 816 2032 eum
838 1966 949 2035 dativo
967 1967 1107 2031 iunctum
1122 1966 1280 2051 reperitur

155 2080 257 2138 Plane.
281 2072 340 2156 Ep.
363 2071 378 2134 I
401 2074 428 2150 2,
453 2074 509 2134 32:
541 2072 637 2135 ‘nunc
663 2071 728 2134 iam
758 2070 824 2136 alia
848 2090 924 2135 cura
945 2069 1109 2154 impendet
1129 2068 1280 2154 pectori';

154 2182 186 2240 in
207 2173 406 2258 praepositio
430 2172 528 2237 semel
552 2172 688 2257 repetita
711 2178 760 2238 est
782 2174 871 2257 apud
893 2172 1030 2238 eundem
1057 2172 1148 2256 Epi
1173 2175 1199 2254 1,
1222 2176 1278 2235 77:

153 2275 294 2341 ‘Tantae
316 2275 349 2338 in
363 2281 395 2339 te
410 2274 585 2358 inpendent
607 2274 742 2340 ruinae'.
772 2274 872 2340 semel
887 2274 947 2338 hoe
962 2273 1094 2339 verbum
1110 2274 1278 2340 transitive

153 2379 346 2444 dictumest
371 2384 489 2444 Terent.
512 2376 638 2442 Phorm.
663 2379 739 2441 180:
769 2377 831 2442 ‘ita
859 2397 945 2441 nunc
965 2376 1151 2461 inparatum
1173 2376 1277 2441 subito

151 2488 243 2546 tanta
264 2486 297 2545 te
312 2480 498 2565 impendent
512 2478 623 2544 mala'.
645 2480 692 2544 ‘te
713 2479 913 2565 impendent‘
937 2479 1022 2544 enim
1039 2477 1190 2545 exhibent
1204 2478 1278 2544 libri

151 2603 223 2648 cum
256 2583 384 2649 Donato
421 2602 524 2665 neque
560 2602 693 2647 eausam
731 2583 838 2667 video,
875 2602 930 2647 cur
967 2581 1047 2647 haec
1084 2582 1277 2647 constructio

152 2685 298 2750 Bentleio
321 2685 533 2768 improbetur:
555 2705 632 2749 nam
654 2684 858 2750 transitivum
880 2684 976 2750 buius
989 2684 1079 2750 verbi
1101 2705 1195 2749 usum
1213 2705 1277 2750 non

152 2786 331 2851 inauditum
354 2806 424 2850 esse
447 2787 528 2851 satis
551 2786 776 2870 comprobatur
799 2787 939 2852 Lucretii
961 2786 1034 2851 libri
1055 2788 1182 2851 Iversu
1198 2789 1276 2851 326:

151 2889 253 2953 ‘marc
275 2907 359 2970 quae
382 2888 581 2973 impendent’
604 2895 636 2954 et
657 2889 774 2954 Lucilii
797 2909 891 2954 versu
914 2891 955 2953 98
971 2888 1020 2956 ed.
1035 2889 1092 2956 Mn
1116 2890 1170 2972 ιιιῖ,
1192 2909 1278 2972 quae

152 3011 204 3055 res
219 3010 270 3054 me
285 2990 478 3074 impendeat,
494 2991 631 3073 agatur'.
661 2991 776 3057 subtile
789 2996 896 3057 autem
908 2992 1088 3057 sententiae
1104 2991 1277 3058 discrimen

153 3093 236 3158 inter
257 3098 323 3157 tres
345 3092 441 3156 huius
463 3093 553 3158 verbi
576 3099 750 3159 structuras
774 3095 922 3177 cognosci
945 3115 1008 3159 non
1030 3100 1144 3179 potest.

237 3197 287 3261 39.
331 3198 470 3279 inrepere
492 3194 668 3282 (Pomp‘l),
701 3197 742 3262 de
776 3215 838 3278 quo
872 3196 933 3262 hoe
963 3197 1034 3262 loco
1067 3196 1147 3261 mihi
1178 3210 1290 3281 agere*

150 3298 261 3380 liceat,
284 3298 383 3363 semel
406 3299 476 3363 loco
499 3298 660 3364 invenitur
682 3299 943 3383 desperatissimo
969 3299 1058 3383 apud
1080 3307 1277 3380 Pomponium

151 3409 371 3467 Bononiensem
394 3420 414 3465 a
438 3401 543 3466 Nonio
560 3405 631 3484 500,
654 3404 693 3465 23
718 3407 846 3467 servato
869 3402 977 3487 (Ribb.
994 3422 1072 3467 com.
1088 3402 1125 3469 fr.
1139 3424 1170 3487 p.
1182 3404 1275 3486 246);

154 3502 250 3580 ‘Quot
282 3504 426 3569 laetitias
459 3504 643 3588 insperatas
676 3503 771 3569 modo
805 3504 849 3568 mi
885 3506 1049 3589 inrepsere
1082 3505 1114 3568 in
1148 3504 1275 3572 sinum'.

149 3605 296 3688 ‘inrepo',
326 3606 410 3669 enim
433 3606 484 3670 hio
506 3606 675 3671 transitive
698 3606 816 3670 dictum
840 3626 911 3672 esse
934 3607 1058 3672 Pettius
1081 3613 1112 3672 et
1135 3607 1275 3674 Bueche

151 3705 272 3792 lerus1)
286 3708 522 3773 contenderunt.
552 3729 592 3773 ex
604 3708 644 3773 iis
655 3709 752 3792 igitur
764 3728 848 3792 quac
859 3709 1087 3775 interciderunt
1098 3709 1275 3775 subiectum

154 3809 317 3892 quoddam
340 3811 439 3875 veluti
463 3809 631 3875 ‘homines’
654 3810 839 3876 addendum
863 3818 919 3879 est.
964 3812 1125 3877 enimvero
1144 3819 1273 3896 poetam

149 3914 241 3995 ‘quot
271 3911 414 3976 laetitiae
441 3911 627 3996 insperatae
642 3963 649 3977 .
665 3963 672 3978 .
687 3963 694 3979 .
710 3933 761 3979 me
791 3913 966 3998 inrepsere'
996 3914 1102 3981 dicere
1131 3914 1274 4000 potuisse

150 4014 356 4081 manifestum
380 4021 437 4098 est,
461 4015 612 4098 quoniam
629 4017 764 4080 Plautus
783 4023 831 4081 ter
854 4017 946 4081 dicit:
969 4018 1105 4100 ‘aliquid
1120 4037 1172 4083 me
1186 4018 1274 4084 obre·

149 4116 210 4202 pit'
232 4114 286 4202 (cf.
301 4116 408 4200 infra).
451 4118 508 4183 sed
523 4118 611 4183 nullo
626 4118 721 4183 modo
737 4118 806 4183 fieri
821 4125 939 4204 potest,
962 4126 997 4185 ut
1011 4119 1148 4206 ‘inrepo’
1164 4140 1274 4185 oausa-

148 4220 251 4284 tivam
273 4219 364 4284 verbi
383 4219 575 4285 substantivi
592 4219 656 4285 vim
672 4221 820 4306 accipiat,
842 4230 877 4288 ut
891 4223 949 4288 sit:
972 4223 1078 4307 ‘facio,
1099 4228 1134 4287 ut
1149 4222 1273 4305 aliquid

150 4320 245 4386 alicui
278 4321 342 4386 sit'.
396 4322 508 4406 itaque
540 4321 597 4387 alii
632 4323 700 4389 alia
737 4324 951 4410 coniecerunt,
988 4345 1006 4391 e
1038 4324 1153 4407 quibus
1186 4324 1272 4408 quod

236 4559 258 4623 ¹)
274 4554 310 4613 ei.
327 4557 412 4615 Ribb.
430 4558 524 4615 adnot
542 4559 603 4617 crit.
621 4559 658 4615 ad
675 4558 702 4615 lr.
719 4560 738 4614 l.
