2850 5002
1234 570 1272 633 ta

149 744 195 808 sio
217 742 302 808 enim
325 747 408 806 teste
429 741 557 805 Donato
579 739 646 803 iam
668 746 793 804 veteres
815 738 1016 822 interpretes,
1039 756 1119 819 quos
1140 737 1274 802 novissi·

149 845 193 909 mi
216 844 355 910 editores
377 843 478 908 seouti
501 850 583 926 sunt,
605 849 690 907 reete
712 842 984 925 interpunxerunt,
1007 858 1204 922 quamquam
1222 839 1274 904 hio

150 945 254 1012 dativi
283 966 360 1010 usus
382 965 403 1010 a
425 945 550 1029 vulgari
572 963 717 1010 sermone
740 943 866 1008 alienus
888 950 946 1008 est.
989 941 1074 1008 idem
1096 947 1193 1026 poeta
1213 940 1275 1007 hoo

150 1049 281 1114 verbum
310 1068 381 1112 eum
412 1056 493 1114 iuter
523 1047 762 1132 praepositione
791 1044 963 1125 coniunxit,
989 1045 1048 1109 sed
1069 1043 1129 1109 hoo
1150 1050 1275 1109 tantum

150 1152 221 1216 loeo
248 1148 383 1233 Adelph.
410 1152 486 1215 392:
518 1150 675 1215 ‘Nimium
702 1149 785 1214 inter
814 1168 882 1227 vos,
917 1147 1041 1212 Demea
1064 1196 1183 1214 ......
1206 1167 1276 1231 per-

150 1253 282 1317 nimium
311 1252 393 1318 inter
415 1252 482 1319 est‘.
526 1251 613 1337 apud
636 1251 788 1316 Plautum
810 1256 842 1316 et
865 1250 1001 1315 reliouos
1030 1255 1144 1335 poetas
1171 1268 1275 1332 neque

150 1354 280 1421 dativus
318 1371 422 1438 neque
460 1354 655 1439 praepositio
690 1353 860 1419 invenitur.
917 1352 1034 1434 legitur
1070 1359 1179 1417 antem
1216 1351 1276 1417 hoo

150 1457 282 1523 verbum
320 1457 407 1541 apud
445 1457 535 1521 illum
567 1457 701 1522 Mostell.
734 1458 808 1520 408:
839 1455 966 1520 ‘Pluma
999 1454 1079 1520 haut
1108 1455 1192 1520 inter
1220 1459 1279 1539 est,

151 1565 307 1644 patronus
329 1580 371 1624 an
394 1560 503 1624 eluens
525 1559 670 1643 probrior
682 1557 706 1645 1)
730 1558 798 1624 siet’
822 1557 860 1623 of.
883 1557 997 1623 Baeeh.
1020 1560 1079 1622 461
1105 1564 1136 1622 et
1159 1563 1275 1623 Terent.

152 1663 287 1747 Adelph.
309 1665 359 1727 76.

238 1784 266 1848 6.
310 1782 424 1851 obesae
455 1781 515 1866 (Pl.
544 1782 626 1847 Enn.
655 1784 726 1848 Ter.
755 1778 855 1867 Aeo.):
882 1787 981 1846 Pluat.
1010 1779 1098 1845 Pers.
1126 1782 1199 1845 832:
1228 1783 1278 1847 ‘At

153 1885 238 1951 enim
261 1884 347 1965 quod
368 1885 424 1950 ille
439 1885 564 1967 meruit,
587 1882 645 1948 tibi
667 1882 702 1947 id
718 1882 800 1948 obsit
822 1881 913 1965 volo’,
935 1882 1023 1948 Trin.
1046 1883 1120 1947 588:
1142 1880 1280 1946 ‘Potissi-

153 2008 238 2052 mum
262 1986 341 2051 mihi
368 1986 404 2051 id
425 1986 527 2070 opsit',
550 1985 614 2051 Mil.
637 1988 713 2050 996:
736 1983 815 2049 ‘Eos
837 2003 920 2049 nuno
943 1983 1089 2049 homines
1110 1991 1217 2048 metuo
1239 2004 1279 2050 ne

153 2089 260 2172 opsint
287 2089 365 2152 mihi
387 2107 471 2153 neve
494 2095 621 2170 opstent
645 2086 794 2171 uspiam’,
824 2087 899 2153 ibid.
920 2090 995 2153 603:
1019 2087 1064 2151 tsi
1085 2086 1119 2152 id
1140 2086 1280 2164 inimieis

154 2193 257 2256 usuist
273 2189 402 2275 lNeque
417 2194 522 2273 potest
537 2190 622 2272 quin,
644 2189 672 2253 si
686 2188 823 2254 inimieis
838 2191 949 2272 usuist,
971 2188 1055 2273 opsit
1070 2188 1143 2268 tibi’,
1166 2188 1281 2273 Amph.

155 2295 229 2357 893:
252 2290 396 2370 ‘Quando
426 2311 485 2375 ego
517 2291 603 2374 quod
631 2291 692 2357 feei
714 2291 748 2357 id
780 2292 901 2356 fautum
923 2291 1152 2375 Amphitruoni
1173 2290 1280 2375 offuit’,

156 2395 247 2480 Oapt
271 2398 346 2460 705:
376 2394 462 2476 ‘quia
485 2414 563 2460 vera
585 2394 734 2459 obessent
755 2394 813 2458 illi’
844 2393 882 2458 of.
904 2392 981 2460 ibid.
1004 2394 1074 2459 706.
1116 2393 1205 2460 Asin.
1227 2395 1281 2459 97:

153 2496 312 2582 ‘promitto
334 2497 393 2562 tibi
409 2497 481 2562 Non
504 2496 679 2561 offuturum
698 2519 753 2579 me,
775 2497 802 2561 si
826 2496 861 2560 id
883 2495 978 2561 hodie
1001 2495 1168 2580 eofeoeris’,
1191 2496 1281 2561 Cure.

156 2602 231 2665 719:
259 2600 311 2664 ‘Et
338 2598 397 2663 tibi
425 2599 547 2682 oberit’,
578 2598 632 2663 ubi
662 2598 838 2664 subieetum
869 2604 918 2663 est
947 2603 1048 2663 totum
1079 2599 1282 2664 enuntiatum

158 2701 245 2784 quod
275 2700 445 2765 antecedit.
495 2708 572 2767 Ean.
604 2707 683 2784 trag.
712 2701 749 2766 fr.
778 2723 807 2766 v.
838 2703 913 2766 304:
943 2700 1001 2765 ‘Ne
1033 2700 1179 2783 contagio
1209 2720 1284 2765 mea

156 2803 248 2867 bonis
276 2801 428 2868 umbrave
459 2802 562 2886 obsit’,
594 2808 712 2869 Terent.
736 2803 851 2887 Hecyr.
882 2805 959 2868 735:
988 2801 1057 2886 ‘ego
1079 2851 1086 2867 .
1109 2852 1116 2868 .
1139 2803 1282 2869 ,timida

158 2924 287 2971 sum..
310 2953 317 2969 .
340 2954 347 2968 .
370 2903 420 2969 Ne
441 2924 557 2970 nomen
579 2905 658 2969 mihi
681 2905 808 2987 quaesti
831 2904 946 2970 obstet:
968 2925 1044 2970 nam
1067 2925 1172 2971 mores
1186 2904 1282 2970 faeile

156 3005 259 3072 tutor’.
282 3007 328 3072 sie
350 3007 435 3072 enim
458 3008 491 3071 in
513 3009 658 3072 omnibus
679 3007 842 3073 eodioibus
864 3008 1019 3091 seriptum
1042 3014 1098 3091 est,
1120 3007 1182 3072 nisi
1197 3007 1282 3090 quod

156 3109 190 3174 in
222 3129 285 3174 uno
314 3109 343 3173 A
373 3108 532 3193 quaesti,
560 3108 593 3172 in
624 3111 752 3174 reliouis
781 3109 953 3191 ‘quaestus’
983 3109 1111 3193 legitur,
1142 3111 1283 3175 numeris

159 3218 270 3297 aperte
300 3212 552 3296 refragantibus,
584 3232 664 3295 quos
692 3213 739 3277 ita
765 3213 904 3278 restituit
926 3213 1086 3296 Fa‘e'rnus,
1107 3218 1143 3277 ut
1164 3211 1283 3278 ‘obsiet'

157 3335 215 3399 pro
237 3314 356 3381 ‘obstet’
379 3316 539 3381 seriberet.
583 3315 643 3380 hae
665 3335 744 3380 sane
767 3316 890 3381 ratione
913 3323 945 3381 et
968 3316 1096 3382 iambus
1118 3316 1153 3379 in
1168 3320 1284 3398 quarto

158 3417 241 3501 pede
264 3423 339 3483 ante
361 3418 535 3501 diaeresin,
567 3417 621 3500 qui
650 3419 755 3502 poetis
778 3418 907 3483 oomiois
934 3420 1001 3484 fere
1024 3419 1110 3483 solus
1132 3417 1192 3482 hoo
1213 3417 1284 3482 loeo

159 3519 322 3601 probatur,
350 3521 526 3591 restituitur
557 3526 589 3586 et
611 3519 826 3601 antiquissimi
848 3521 967 3587 eodieis
997 3521 1091 3585 leutio
1114 3538 1218 3604 paene
1239 3521 1285 3583 in·

160 3625 252 3701 tegra
268 3627 421 3685 servatur.
464 3622 582 3686 reotius
603 3628 712 3687 tamen
728 3623 899 3700 Bentleius,
921 3642 962 3688 ne
984 3620 1128 3706 ‘quaesti'
1150 3621 1184 3686 in
1202 3620 1284 3687 thesi

161 3719 368 3806 obmuteseat,
390 3723 450 3789 ‘Ne
472 3742 589 3789 nomen
611 3725 738 3806 quaesti
761 3727 804 3789 mi
828 3725 942 3790 ohsiet:
964 3745 1040 3790 nam
1063 3744 1167 3790 mores
1189 3724 1286 3789 facile

161 3822 264 3888 tutor'
295 3824 412 3891 seribit.
456 3826 514 3892 sed
535 3845 646 3891 veram
667 3827 825 3892 rationem
844 3828 1006 3892 Donatum
1017 3827 1043 3911 2)
1067 3832 1194 3892 seeutus
1216 3827 1286 3892 sine

160 3926 258 3992 dubio
296 3927 368 3992 iniit
403 3927 631 3994 Fleokeisenus
663 3930 717 4011 qui
754 3929 982 4010 antiquissima
1010 3929 1152 4013 genetivi
1182 3928 1285 3992 forma

31 4048 36 4058 ·
159 4029 353 4111 ‘quaestuis’
383 4036 513 4115 reoepta
535 4030 580 4095 sio
602 4031 741 4115 scripsit:
772 4032 835 4096 ‘Ne
857 4051 973 4096 nomen
996 4032 1039 4095 mi
1061 4030 1166 4096 obstet
1188 4048 1286 4113 quae·

160 4132 240 4198 stuis
255 4156 262 4198 :
278 4152 354 4196 nam
377 4152 482 4199 mores
497 4131 592 4200 faeile
614 4134 720 4220 tutor’,
742 4153 805 4216 quo
828 4133 870 4218 fit,
892 4139 928 4198 ut
948 4132 1008 4198 hoo
1029 4132 1209 4216 exemplum
1224 4130 1287 4197 hue

248 4371 269 4435 ¹)
286 4369 327 4425 sie
345 4368 463 4440 Ritseh,
482 4371 533 4426 sed
550 4386 615 4424 num
633 4376 709 4425 reete
727 4370 884 4439 coniecerit,
903 4369 1018 4425 dubium
1036 4373 1088 4423 est.

247 4454 272 4521 ²)
288 4454 313 4509 is
331 4455 404 4510 enim
417 4454 498 4525 legit:
517 4455 566 4511 ‘Ne
583 4470 684 4510 nomen
695 4454 761 4508 mihi
779 4454 911 4525 quaestui
926 4454 1036 4509 obstet’.
1071 4469 1123 4523 pro
1141 4452 1286 4524 ‘quaestui’

164 4536 218 4591 lam
235 4537 263 4591 in
282 4538 326 4595 od.
342 4540 432 4609 prino.
450 4540 603 4611 quaestuis'
622 4540 756 4611 seriptum
774 4555 838 4597 θεεθ
856 4539 939 4595 testis
957 4544 1002 4594 est
1019 4538 1264 4607 Umpfenbaehius.

1045 4641 1079 4693 2*
