2850 5002
156 468 194 528 16

147 632 381 716 emendatione,
403 652 599 716 quamquam
623 654 686 699 non
710 635 797 701 omni
819 655 860 703 ex
881 643 974 721 parte
995 637 1075 703 mihi
1089 641 1169 705 satis
1184 641 1271 727 faoit,

147 735 368 816 aequieeoam:
390 734 528 800 ‘Adsunt
550 735 632 800 fabri
656 736 819 803 architecti
834 757 903 822 ego,
925 744 960 804 tu
975 745 1073 822 atque
1087 740 1168 807 haee
1183 742 1271 807 haud

145 834 284 920 imperiti
293 835 310 903 '.
361 836 456 901 Mora
485 836 644 920 proiit:
675 839 784 921 ‘atque
812 839 1045 906 advortendum
1068 849 1103 907 at
1127 843 1271 908 animum

146 938 239 1003 adest
260 936 463 1021 benignitas’,
486 943 600 1005 Terent.
623 937 749 1005 Phorm.
768 944 844 1008 105:
866 941 935 1007 ‘Nil
957 942 1071 1009 aderat
1092 944 1271 1012 adiumenti

145 1041 189 1105 ad
217 1038 511 1125 pulchritudinem’,
543 1040 620 1106 ibid.
643 1044 721 1108 313:
754 1042 812 1109 ‘ad
841 1043 926 1110 hano
952 1063 1019 1111 rem
1042 1046 1098 1128 qui
1120 1047 1270 1132 adsient',

144 1142 221 1209 ibid.
254 1145 331 1207 266:
371 1142 440 1208 ‘ille
470 1143 513 1206 ad
550 1141 785 1210 defendendam
822 1166 952 1212 oausam
987 1147 1095 1233 adest,
1127 1148 1161 1235 2)
1190 1151 1269 1235 apud

145 1253 244 1312 quut.
266 1245 362 1310 Poen.
384 1245 400 1309 Ι
423 1247 452 1327 2,
474 1248 530 1310 67:
553 1245 679 1311 ‘adsum
703 1254 782 1332 aput
804 1248 859 1332 te’,
881 1248 997 1334 Amph.
1013 1252 1091 1317 578:
1113 1253 1158 1316 ‘et
1179 1252 1268 1338 apud

144 1353 176 1413 te
190 1347 312 1412 Adsum
328 1346 423 1412 Sosia
436 1346 547 1431 ideml’,
576 1356 667 1415 Accii
681 1369 710 1415 v.
723 1354 801 1417 277:
824 1351 950 1416 ‘adsum
966 1357 1045 1438 aput
1059 1360 1100 1437 te,
1123 1353 1268 1437 genitor‘3

145 1447 178 1536 3)
201 1452 229 1517 in
265 1457 365 1516 Pluut.
398 1448 513 1534 Amph.
542 1452 620 1515 425:
656 1451 728 1516 ‘neo
758 1452 927 1535 quisquam
967 1453 1050 1519 alius
1086 1453 1198 1540 adfuitl
1229 1455 1268 1519 In

143 1550 350 1618 tabemaolo'.
393 1570 497 1633 neque
526 1552 635 1637 inepte
663 1553 799 1619 Mostell.
821 1575 850 1620 v.
874 1558 935 1620 366
965 1556 1012 1621 sio
1043 1557 1268 1641 expleverunt:

144 1656 223 1720 ‘Tit
246 1655 358 1737 Pater,
388 1654 536 1738 inquam,
567 1661 640 1719 tuos
663 1656 759 1721 uenit.
802 1656 869 1723 PH.
890 1655 944 1721 ubi
974 1658 1003 1722 ie
1034 1665 1083 1723 est
1112 1659 1268 1725 obsecro?

144 1760 209 1824 ΤΒ.
230 1766 262 1823 ia
287 1768 384 1837 portu
414 1763 474 1821 ium
496 1756 612 1822 adest'.
656 1756 771 1822 deinde
803 1757 862 1822 ‘in’
892 1759 1163 1843 praepositionem
1196 1781 1267 1826 eum

143 1859 289 1926 ablativo
302 1880 454 1939 personae
468 1858 568 1924 semel
590 1859 755 1923 ooniunxit
770 1866 897 1925 Plautus
913 1859 1009 1926 Stioh.
1024 1863 1102 1927 322:
1125 1861 1166 1926 ‘si
1181 1862 1215 1926 in
1235 1869 1267 1928 te

143 1964 250 2028 Pudor
265 1961 308 2027 ad
328 1960 389 2045 sit',
412 1980 496 2043 quae
518 1961 562 2024 ad
577 1967 734 2026 struotura
757 1979 819 2043 quo
841 1962 937 2027 modo
960 1982 980 2027 a
1003 1962 1113 2028 dativo
1128 1962 1265 2048 differat,

143 2064 290 2150 eognosoi
312 2083 376 2128 non
398 2068 513 2148 potest.
568 2070 728 2131 Terentius
751 2063 812 2129 hae
833 2064 1072 2149 praepositione
1095 2064 1139 2130 ad
1161 2066 1266 2130 looum

143 2166 388 2251 signifioandum
412 2185 488 2231 usus
510 2174 559 2232 est
581 2167 662 2232 Eun.
686 2170 746 2230 764
776 2167 842 2232 iam
871 2186 969 2253 supra
992 2166 1101 2232 adlato
1123 2167 1161 2233 of.
1182 2167 1267 2232 iufra

142 2271 223 2334 Eun.
246 2272 317 2335 366.
366 2269 451 2332 idem
481 2273 578 2352 poeta
607 2276 639 2333 ia
667 2268 940 2352 praepositionem
969 2269 1091 2353 posuit,
1126 2288 1197 2334 oum
1227 2269 1267 2336 de

141 2392 280 2457 persona
312 2370 423 2452 aliqua
452 2370 572 2456 agitur,
603 2388 687 2451 quae
717 2371 765 2434 rei
796 2369 894 2434 alioui
924 2369 1017 2436 adest
1045 2371 1098 2436 uel
1125 2371 1267 2457 interest,

142 2475 259 2558 Hecyr.
282 2474 359 2535 409:
392 2471 507 2539 ‘Adest
537 2472 694 2537 Parmeno
725 2492 796 2537 oum
825 2473 949 2556 pneris:
982 2471 1067 2537 huno
1095 2474 1267 2539 minumest

144 2597 224 2662 opus
247 2576 284 2639 ln
307 2574 368 2639 hae
390 2593 424 2639 re
453 2573 590 2658 adesse’,
622 2573 759 2658 Adelph.
782 2576 859 2639 355:
889 2574 1130 2659 ‘Ctesiphonem
1156 2575 1265 2641 audivi

142 2679 242 2744 filium
273 2677 346 2744 Una
376 2675 521 2742 adfuisse
550 2676 584 2740 in
606 2677 753 2760 raptione
776 2696 847 2741 oum
869 2676 1051 2745 Aeschino’.
1095 2676 1264 2743 ‘adfuisse'

143 2781 226 2847 enim
258 2780 413 2865 praebent
442 2778 569 2845 oodioes
599 2784 728 2863 praetor
755 2781 796 2864 A,
829 2778 862 2844 in
893 2799 956 2863 quo
985 2779 1113 2845 ‘fuisse'
1143 2780 1267 2863 legitur,

143 2885 228 2968 quod
244 2883 474 2950 Fleokeisenus
490 2887 522 2948 et
535 2881 809 2967 Umpfenbaohius
820 2888 1017 2966 receperunt.
1046 2883 1103 2948 sed
1118 2882 1266 2965 equidem

142 2988 288 3053 Bentleio
311 2986 475 3053 adsentior
490 2985 545 3068 qui
567 2984 739 3051 ‘adfuisse'
763 2984 906 3051 defendit
928 2984 988 3050 hoo
1010 2984 1134 3050 dicens:
1155 2982 1266 3047 “amat

142 3097 248 3156 noster
271 3097 450 3173 postremae
472 3086 625 3172 syllabas,
648 3093 804 3171 quantum
825 3095 942 3171 potest,
964 3106 1034 3151 oum
1058 3082 1265 3168 sequentibus

143 3190 417 3276 oolliquefaoere''.
460 3190 594 3255 elooutio
625 3195 733 3256 autem
761 3190 839 3254 ‘una
875 3187 1032 3254 adfuisse’
1061 3185 1265 3252 oonfirmatur

141 3295 289 3361 Eunuchi
320 3313 414 3360 versu
446 3296 524 3359 366:
560 3294 680 3359 ‘aderit
709 3292 789 3377 (soil.
820 3289 997 3378 eunuohus)
1029 3309 1095 3354 una
1127 3289 1161 3354 in
1192 3288 1265 3353 unis

144 3396 293 3465 aedibue’
316 3395 396 3484 (soil
420 3417 491 3463 oum
514 3395 684 3481 oonserva)
707 3393 927 3461 ofAnd.106
949 3398 982 3459 et
1003 3393 1050 3458 Pl
1065 3392 1182 3458 Pseud.
1194 3393 1266 3458 948.

142 3507 263 3568 restant
277 3500 310 3565 hi
325 3501 388 3565 duo
407 3500 479 3585 looi,
500 3499 555 3565 ubi
577 3497 636 3564 ‘in'
657 3496 855 3582 praepositio
872 3516 943 3562 oum
960 3495 1103 3562 ablativo
1118 3491 1266 3579 gerundii

143 3603 311 3670 ooniunota
333 3604 461 3688 legitur,
491 3602 634 3669 Eunuoh.
657 3602 735 3667 893:
769 3600 821 3665 ‘In
850 3599 1070 3684 eognosoendo
1101 3604 1168 3665 tute
1196 3597 1266 3682 ipse

142 3706 263 3790 aderis,
294 3705 452 3772 Chaerea'
483 3711 516 3771 et
541 3706 639 3770 Andr.
664 3708 739 3769 771:
773 3702 883 3786 ‘quom
905 3703 939 3767 in
961 3701 1120 3786 pariundo
1142 3700 1267 3783 aliquot

143 3809 314 3874 adfuerunt
344 3807 488 3875 liberae'.
517 3845 560 3856 -
590 3807 727 3873 similem
757 3813 865 3871 autem
895 3810 993 3888 atque
1025 3805 1141 3872 adesse
1172 3800 1267 3886 signi-

142 3911 324 3979 fioationem

228 4019 257 4080 4.
301 4015 405 4082 lnesse
426 4011 486 4099 (Pl.
508 4011 575 4077 Afr.
590 4012 687 4097 Nou.)
710 4010 806 4078 habet
826 4010 891 4075 nisi
913 4009 1000 4094 qnod
1014 4008 1188 4094 praeeipue
1210 4007 1266 4072 ad·

143 4117 282 4198 hibetur,
311 4136 382 4183 oum
406 4115 446 4180 de
469 4114 564 4181 rebus
579 4113 770 4197 quibusdam
792 4112 925 4179 internis
947 4117 982 4176 ut
1002 4112 1050 4175 ita
1070 4109 1175 4174 dioam
1196 4106 1266 4173 luo.

142 4221 183 4286 ds
205 4220 375 4286 uirtutibus
401 4219 510 4300 agitur
531 4217 582 4282 vel
610 4218 696 4282 vitiis
719 4216 834 4299 quibus
856 4215 929 4298 quis
956 4220 1004 4278 est
1027 4211 1192 4297 praeditus
1216 4209 1266 4275 vel

143 4323 184 4388 de
213 4321 313 4387 animi
342 4319 523 4387 adfeotibus
553 4319 667 4401 quibus
696 4319 769 4401 quis
797 4322 1003 4382 oonmovetur
1030 4314 1083 4401 (of.
1105 4312 1265 4379 Kritnium

143 4431 185 4492 ad
208 4425 287 4492 Sall.
303 4426 372 4508 lug.
394 4426 443 4505 27,
465 4426 484 4485 2
508 4428 540 4489 et
555 4422 660 4504 Ignat
681 4441 712 4505 p.
730 4420 791 4504 15).
835 4417 921 4501 quod
943 4418 1084 4503 verbum,
1106 4437 1178 4483 oum
1193 4415 1266 4482 eim·
