2850 5002
187 479 227 543 28

186 647 295 712 virtuti
317 646 430 713 videas
452 647 665 714 antecedere’.
709 645 842 713 ‘virtuti’
871 647 957 713 enim
986 646 1052 712 iam
1082 647 1193 711 Iunius
1224 652 1309 713 recte

186 749 314 834 scripsit
336 770 393 834 pro
417 749 562 815 codicum
584 749 743 835 scriptura
766 748 930 818 ‘virtutis'.

271 872 320 935 21.
363 870 482 937 haletre
513 867 586 956 (ΡΙ.)
629 869 761 935 dativus
798 869 941 952 sequitur
977 869 1065 952 apud
1102 876 1240 935 Plautum
1276 874 1311 934 et

186 991 376 1055 personae
399 972 485 1038 Pers.
498 974 575 1039 7792
598 971 705 1037 ‘Solus
720 991 779 1055 ego
795 971 942 1037 omnibus
956 971 1086 1037 antideo
1107 969 1217 1036 facile'·
1238 969 1267 1036 h.
1282 990 1310 1038 e.

187 1093 298 1139 omnes
328 1093 445 1158 supero
475 1079 507 1139 et
541 1075 595 1140 rei
626 1073 742 1158 Amph.
764 1076 842 1140 649:
878 1073 1001 1138 ‘Virtus
1035 1072 1181 1138 omnibus
1212 1072 1311 1138 rebus

187 1174 288 1241 anteit
310 1175 473 1261 profecto'.
517 1176 714 1258 frequentius
741 1177 945 1241 accusativus
967 1181 1148 1258 usurpatur.
1190 1176 1311 1258 legitur

187 1287 294 1343 autem
317 1279 521 1344 accusativus
543 1297 703 1362 personae
725 1286 825 1345 Placet.
850 1278 928 1346 Oist.
947 1278 979 1343 ll
1007 1282 1032 1360 l,
1055 1281 1090 1344 3:
1112 1277 1182 1360 ‘qui
1205 1276 1311 1343 omnis

186 1378 332 1446 homines
355 1400 470 1465 supero
486 1388 583 1463 atque
597 1380 729 1447 antideo
745 1380 1033 1446 cruciabilitatibus
1049 1380 1148 1445 animi
1155 1379 1171 1463 ',
1192 1379 1311 1448 Bacch.

191 1484 286 1547 1089:
322 1482 424 1548 ‘solus
457 1502 516 1566 ego
549 1482 652 1548 omnis
685 1483 780 1567 longe
813 1482 942 1548 antideo
974 1480 1130 1565 stultitia’,
1166 1482 1241 1547 ibid.
1275 1487 1312 1549 7:

186 1584 318 1650 ‘Verum
342 1585 393 1651 hic
414 1586 542 1652 Ulixem
565 1585 664 1651 multo
687 1586 877 1651 adulescens
907 1584 1045 1650 antidit’.
1089 1585 1146 1651 sed
1168 1604 1186 1651 e
1207 1585 1312 1651 tribus

187 1687 238 1751 his
259 1688 415 1772 exemplis
437 1689 579 1753 nondum
601 1687 683 1754 effici
706 1688 785 1754 mihi
807 1687 945 1772 videtur,
967 1693 1002 1752 ut
1024 1688 1122 1753 etiam
1144 1689 1231 1755 Pers.
1248 1690 1311 1751 779

188 1789 240 1875 (cf.
255 1790 367 1875 supra)
382 1791 586 1856 accusativus
602 1790 788 1856 scribendus
804 1791 853 1872 sit,
875 1795 910 1854 ut
925 1790 1027 1855 visum
1043 1795 1113 1855 erat
1128 1788 1313 1859 Ritscheho.

189 1897 307 1958 Terent.
324 1892 449 1958 Phorm.
465 1895 541 1958 247:
563 1891 602 1959 ‘0
619 1891 788 1976 Phaedria,
802 1890 1027 1974 incredibilest,
1049 1898 1205 1974 quantum
1219 1911 1312 1958 erum

188 2002 264 2059 ante
286 2013 324 2060 eo
347 1994 508 2079 sapientia
516 1994 531 2061 '.
575 2000 662 2061 Trob.
684 2001 747 2060 v.5
770 1994 874 2081 (Ribb.
890 2013 969 2060 com.
990 1994 1027 2059 fr.
1041 2015 1072 2080 p.
1089 1992 1160 2080 31):
1186 1994 1312 2059 ‘Fortu-

187 2117 262 2161 nam
292 2097 397 2181 ipsam
429 2097 557 2163 anteibo
587 2097 722 2162 fortunis
751 2098 852 2163 meis’.
896 2097 1098 2162 accusativus
1126 2096 1172 2162 rei
1193 2096 1314 2180 legitur·

188 2206 289 2265 Placet.
313 2198 399 2264 Trin.
423 2203 500 2265 545:
531 2199 609 2265 ‘Sed
632 2199 797 2283 Campans
820 2218 920 2282 genus
943 2199 1044 2263 Multo
1067 2198 1221 2283 Syrorum
1243 2198 1312 2264 iam

189 2300 306 2366 antidit
337 2300 552 2386 pationtiam’.
604 2300 650 2367 sic
686 2302 771 2366 enim
807 2308 893 2366 recte
925 2300 1053 2384 scripsit
1085 2299 1312 2387 Ritschehusl)

189 2421 315 2486 parerg.
337 2425 368 2487 p.
391 2405 461 2467 340.
504 2403 577 2468 libri
600 2402 687 2486 (cum
709 2403 753 2488 A)
776 2402 896 2469 habent
924 2401 1111 2486 ‘patientia'
1139 2403 1202 2468 nisi
1224 2402 1314 2486 quod

189 2504 243 2569 BC
266 2504 458 2588 ‘patlentia’.

275 2626 324 2688 22.
366 2625 517 2693 totietate
540 2622 647 2711 (ann.)
670 2654 712 2677 ==
739 2624 929 2690 antecedere
956 2644 1027 2689 cum
1050 2623 1160 2689 dativo
1183 2624 1313 2690 coniun-

189 2726 273 2824 gitur
295 2726 382 2810 apud
404 2733 534 2794 Enniam
556 2732 635 2809 trag.
651 2726 688 2793 fr.
710 2748 739 2792 v.
757 2730 832 2792 197:
855 2727 979 2810 ‘plebes
1000 2727 1035 2790 in
1057 2726 1117 2792 hoc
1138 2728 1207 2811 regi
1229 2726 1312 2791 anti·

190 2834 255 2893 stat
276 2828 368 2895 loco’.

276 2952 326 3014 23.
369 2951 544 3018 halevenire
566 2949 641 3035 (Pl.)
670 2970 796 3035 semper
825 2949 912 3034 apud
940 2957 1076 3017 Plautum
1102 2969 1173 3014 cum
1201 2947 1312 3014 dativo

191 3051 392 3133 coniungitur
414 3058 446 3117 et
465 3053 596 3136 propria
611 3053 644 3117 vi
660 3052 847 3135 adhibitum,
870 3055 905 3116 ut
920 3050 1076 3134 significet
1097 3051 1199 3135 ‘prius
1214 3070 1313 3134 quam

191 3153 289 3218 alium
312 3153 434 3219 venirc'
464 3161 496 3219 et
517 3154 689 3237 translata,
721 3165 756 3219 ut
778 3154 820 3217 sit
841 3154 926 3219 idem
949 3174 989 3218 ac
1016 3152 1195 3219 ‘meliorem
1218 3151 1313 3220 esse’.

190 3255 307 3338 legitur
339 3260 446 3321 autom
480 3257 566 3322 Trin.
599 3259 678 3322 911:
714 3256 862 3340 ‘temperi
898 3253 973 3321 huic
1009 3254 1105 3321 hodie
1140 3254 1313 3340 anteveni,

191 3356 307 3424 Pseud
329 3361 406 3423 417:
436 3357 551 3424 ‘Nemo
574 3358 759 3424 anteveniet
781 3358 845 3423 filio
869 3356 962 3423 credo
986 3356 1086 3442 meo'3
1118 3358 1164 3423 sic
1186 3359 1313 3424 enime

192 3459 311 3526 codicis
342 3462 371 3526 A
404 3460 547 3544 reliquiis
584 3460 665 3525 eruit
698 3459 902 3542 Ritschelius,
938 3459 1048 3525 relicui
1083 3461 1156 3527 libri
1191 3461 1313 3527 habent

192 3563 404 3630 ‘antecedat’.
448 3565 521 3630 Oas.
532 3564 566 3629 ll
588 3566 615 3648 3,
634 3569 667 3627 1:
689 3562 858 3628 ‘Omnibus
872 3562 968 3628 rebus
984 3581 1044 3647 ego
1060 3584 1202 3631 amorem
1218 3562 1313 3631 credo
1404 3638 1407 3643 ¹

192 3670 224 3728 et
254 3665 412 3731 nitoribus
442 3665 552 3731 nitidis
582 3664 790 3731 antevenire'.
843 3670 943 3731 restat
977 3672 1095 3732 Terent.
1126 3667 1207 3732 Eun.
1236 3668 1313 3732 733:
1415 3682 1417 3689 '

190 3765 272 3834 ‘OH.
300 3767 355 3833 Set
385 3767 485 3834 Thais
515 3768 614 3833 multo
644 3774 719 3834 ante
753 3767 868 3833 venit?
904 3766 970 3833 PY.
999 3768 1051 3833 An
1086 3768 1166 3834 abiit
1195 3768 1262 3832 iam
1292 3786 1313 3830 a

192 3870 328 3936 militei‘
373 3870 419 3937 sic
441 3872 525 3936 enim
548 3870 701 3938 exhibent
724 3870 796 3935 libri
819 3877 851 3936 et
865 3871 1022 3955 Donatus,
1043 3872 1129 3955 quod
1147 3868 1312 3936 novissimi

193 3971 331 4039 editores
361 3981 549 4058 receperunt
577 3974 641 4039 nisi
664 3973 751 4057 quod
773 3972 872 4038 Hario
895 3973 976 4038 duce
999 3973 1139 4039 scribunt
1158 3968 1312 4035 ‘multoc'.

110 4141 115 4150 ,
192 4074 358 4141 Bentleius
390 4077 517 4161 scripsit
547 4076 626 4143 ‘Sed
724 4076 823 4141 multo
856 4095 907 4141 me
937 4073 1101 4140 antevenit
1132 4069 1223 4156 sqq.',
1256 4071 1313 4137 sed
1415 4092 1417 4097 ·

193 4198 257 4244 non
279 4186 337 4265 est,
359 4199 414 4245 cur
436 4178 554 4245 omisso
576 4177 653 4245 ‘me’
675 4178 776 4245 verba
798 4178 942 4262 intellegi
963 4196 1027 4242 non
1048 4174 1180 4259 possint
1414 4180 1417 4191 '

281 4436 301 4503 ¹)
319 4434 353 4491 et.
370 4434 460 4490 Holta.
478 4433 569 4489 annm.
586 4432 654 4504 phil.
672 4438 692 4488 t.
712 4438 753 4503 et,
769 4448 794 4487 a.
814 4434 878 4486 lece
896 4446 924 4501 p.
937 4431 996 4485 628.
