2850 5002
156 651 206 716 vis
229 671 269 716 ac
290 656 408 733 natura
430 649 512 714 hacc
533 649 586 731 sit,
608 654 642 712 ut
666 649 919 714 coniunctionem
942 649 993 715 vel
1015 650 1172 715 rationem
1194 649 1278 714 inter

153 752 236 818 duas
264 771 421 837 personas
451 751 519 817 sive
548 770 601 816 res
622 751 871 817 intercedentem
898 756 955 816 aut
976 753 1105 816 omnino
1134 752 1168 816 id
1190 758 1278 817 notet

154 855 240 939 qnod
262 855 359 921 alicui
375 853 493 920 actioni
514 853 712 939 propositum
736 859 786 919 est
800 851 855 938 (cf.
869 853 973 937 Ignat.
995 874 1025 939 p.
1042 853 1084 940 7).
1127 874 1187 920 nec
1202 873 1277 919 vero

154 958 281 1022 dativus
303 958 408 1021 locum
430 954 604 1039 significat:
634 976 709 1022 nam
731 955 815 1021 hanc
837 955 1103 1038 significationem
1127 976 1144 1022 e
1172 956 1278 1022 verbis

154 1059 280 1125 demum
304 1058 492 1143 quibuscum
523 1058 725 1142 coniungitur
747 1058 886 1140 quodam
916 1058 1010 1123 modo
1033 1058 1161 1142 recipit3
1192 1059 1277 1140 quod

153 1161 203 1244 fit,
239 1181 310 1226 cum
341 1180 367 1227 o.
392 1180 418 1227 c.
448 1160 570 1245 verbis,
594 1180 678 1242 qnae
703 1160 745 1225 ad
776 1159 974 1226 ‘adiacendi’
1005 1159 1165 1225 notionem
1189 1179 1278 1224 revo-

154 1269 285 1348 cantur,
324 1264 476 1347 adicitur,
515 1263 630 1345 quibus
661 1263 776 1328 localis
816 1269 851 1328 nt
884 1263 931 1328 ita
961 1263 1066 1327 dicam
1097 1261 1276 1327 coniunctio

154 1366 342 1452 exprimitur
357 1362 410 1449 (cf.
422 1366 600 1431 Lehmann.
616 1386 646 1449 p.
664 1368 702 1429 18
718 1385 796 1449 sqq,
812 1365 980 1449 Augustin.
995 1385 1025 1450 p.
1040 1362 1082 1450 2).
1112 1365 1277 1446 utriusque

154 1470 252 1552 igitur
274 1473 451 1533 structurae
472 1472 546 1552 post
568 1467 700 1532 verbum
723 1468 856 1550 aliquod
877 1468 1087 1551 compositum
1111 1465 1277 1550 eligendae

154 1590 267 1636 norma
283 1590 410 1655 semper
431 1589 449 1635 e
464 1569 554 1635 verbi
570 1568 802 1652 significatione
817 1572 959 1654 petenda
982 1577 1039 1654 est,
1060 1575 1095 1635 ut
1110 1568 1278 1652 Zumptius

154 1679 221 1738 toto
244 1673 334 1738 caelo
357 1692 378 1738 a
399 1691 475 1737 vero
491 1671 693 1737 aberravisse
715 1671 793 1736 mihi
815 1672 962 1738 videatur
983 1674 1047 1756 qui,
1069 1693 1124 1738 cur
1145 1671 1278 1737 verbum

155 1775 287 1858 aliquod
320 1775 530 1859 compositum
563 1773 708 1839 dativum
742 1780 849 1858 regat,
881 1776 915 1840 in
945 1775 1219 1859 praepositionum
1246 1773 1279 1838 vi

155 1886 335 1961 naturaque
350 1877 491 1961 positum
506 1895 578 1943 esse
593 1877 742 1961 opinatur
758 1876 905 1963 (gramm.
920 1881 940 1961 ξ
956 1878 1048 1962 415);
1063 1898 1149 1961 nam,
1171 1883 1277 1942 utrum

157 2002 229 2046 cum
244 1980 306 2045 hac
321 1999 364 2044 an
379 1979 438 2044 illa
453 1979 691 2063 praepositione
702 1981 833 2046 verbum
850 1980 1059 2065 compositum
1075 1983 1126 2066 sit,
1138 1981 1219 2047 nihil
1234 1982 1279 2047 in-

156 2088 261 2167 terest,
284 2082 360 2147 dum
383 2082 477 2146 modo
500 2101 541 2147 ne
556 2081 757 2166 significatio,
780 2103 877 2166 quam
900 2083 1017 2149 illude
1040 2084 1279 2168 compositionis

156 2185 279 2251 ratione
293 2184 416 2268 recipit,
438 2184 480 2249 ab
502 2185 653 2250 universa
669 2185 770 2250 dativi
793 2185 825 2249 vi
842 2185 951 2250 aliena
970 2187 1012 2249 sit
1034 2185 1089 2270 (cl.
1104 2186 1280 2253 Lehmann.

156 2308 186 2372 p.
205 2287 268 2373 18).

244 2389 265 2455 J
267 2409 319 2453 am
336 2406 412 2453 vero
428 2407 499 2452 cunr
514 2386 604 2453 verbi
627 2387 762 2453 alicuius
785 2387 952 2474 compositi
966 2387 1157 2471 significatio
1180 2388 1282 2472 dupli·

157 2511 227 2558 cem
257 2496 448 2556 stmcturam
477 2487 524 2574 (et
547 2489 692 2554 dativum
723 2496 755 2556 et
777 2488 1062 2575 praepositionem)
1084 2491 1220 2574 patitur,
1252 2489 1280 2554 si

157 2614 219 2659 non
237 2613 363 2677 semper
378 2597 488 2656 tamen
510 2611 573 2656 non
589 2611 764 2674 numquam
780 2592 898 2657 subtile
920 2592 1082 2676 quoddam
1101 2591 1280 2657 sententiae

157 2695 328 2761 discrimen
358 2695 440 2759 inter
469 2693 614 2759 dativum
645 2700 677 2759 et
708 2694 857 2760 iteratam
885 2695 1156 2779 praepositionem
1187 2695 1281 2759 inter-

158 2798 276 2864 cedens
291 2796 500 2880 cognoscitur,
515 2796 601 2880 quod
616 2796 716 2878 nobis,
733 2818 803 2863 cum
820 2797 860 2862 de
879 2796 1047 2863 verborum
1063 2817 1123 2862 usu
1138 2816 1281 2881 agemus,

157 2921 221 2966 non
243 2906 293 2966 est
314 2899 556 2983 neglegendum.
600 2901 739 2965 cernitur
767 2906 875 2966 autem
901 2900 982 2965 illud
1004 2901 1056 2965 vol
1077 2899 1218 2965 maxime
1240 2917 1281 2964 ex

158 3022 267 3068 eorum
282 3001 451 3067 verborum
468 3003 710 3086 constructione,
734 3002 849 3084 quibus
871 3002 943 3085 ipsa
965 3002 1022 3066 illa
1044 3021 1128 3084 quae
1149 3001 1280 3085 propria

157 3110 206 3169 ost
240 3103 345 3168 dativi
381 3103 619 3186 ‘coniungendi'
654 3103 742 3169 notio
777 3103 931 3170 inhaeret.
988 3103 1281 3188 praepositionibus

158 3204 242 3271 enim
272 3205 322 3270 nsi
344 3210 418 3269 sunt
439 3210 568 3288 poetae,
590 3212 639 3288 ut,
667 3225 729 3289 quo
752 3205 847 3270 modo
870 3206 954 3271 duae
976 3226 1134 3292 personae
1156 3207 1208 3272 vel
1229 3224 1281 3271 res

158 3308 288 3373 interce
302 3306 547 3390 coniungendae
560 3314 675 3393 essent,
691 3327 788 3391 quam
804 3308 1044 3374 accuratissime
1058 3308 1281 3395 exprimerent,

158 3410 286 3493 dativo,
315 3415 351 3474 ut
374 3409 627 3476 coniunctionem
654 3410 842 3494 simpliciter
871 3410 1110 3477 adumbrarent.
1153 3409 1281 3475 omnino

157 3512 255 3596 igitur
287 3516 482 3597 usurpantur
514 3512 785 3596 praepositiones,
816 3531 887 3578 cum
919 3532 937 3579 e
968 3513 1093 3597 dativo,
1124 3532 1210 3597 quae
1241 3512 1283 3578 sit

159 3614 332 3699 sententia,
359 3634 424 3680 non
447 3614 528 3679 satis
549 3613 694 3697 intellegi
717 3634 812 3698 posse
834 3616 999 3681 videatur:
1028 3615 1084 3699 qui
1106 3636 1184 3681 usus
1207 3620 1282 3701 apte

159 3716 321 3782 confertur
336 3736 406 3782 cum
429 3716 553 3782 ‘contra
574 3736 652 3800 erga
666 3717 713 3782 in'
735 3718 1035 3803 praepositionibus,
1054 3718 1169 3801 quibus
1190 3736 1283 3802 gene·

158 3819 244 3884 tivus
267 3820 449 3884 accuratius
472 3820 661 3886 describitur
683 3818 736 3904 (cf.
754 3820 885 3903 August.
906 3841 936 3906 p.
953 3820 996 3907 2).
1031 3820 1089 3886 sed
1111 3819 1192 3885 haec
1221 3818 1283 3882 hac

158 3927 251 3987 tenus
273 3920 327 4007 (cf.
349 3942 380 4006 p.
398 3924 437 3985 18
461 3921 591 4007 adnot).
629 3957 631 3961 >

243 4024 380 4089 Dativus
414 4031 521 4089 autem
561 4032 593 4090 ct
628 4025 832 4091 accusativus
867 4026 1007 4092 nondum
1043 4030 1128 4089 certo
1158 4044 1219 4088 usu
1247 4022 1282 4087 in

159 4127 327 4192 verborum
343 4127 589 4211 compositorum
612 4132 773 4194 structura
792 4128 932 4194 distincti
954 4131 1036 4192 sunt.
1079 4125 1282 4209 nequeenim

158 4227 273 4313 paucis
300 4229 407 4294 verbis
429 4229 517 4314 apud
546 4228 630 4294 hunc
651 4236 780 4314 poetam
810 4231 947 4313 dativus,
969 4228 1055 4313 apud
1081 4227 1171 4293 illum
1193 4247 1283 4293 accu-

159 4331 283 4396 sativus
305 4331 442 4397 adicitur
463 4331 552 4396 nullo
575 4332 642 4397 fere
665 4332 843 4398 sententiae
858 4331 1042 4397 discrimine
1065 4331 1148 4396 inter
1163 4337 1282 4397 utram-

160 4452 222 4514 que
248 4440 439 4500 structuram
468 4435 685 4501 intercedente
714 4434 777 4499 nisi
809 4435 881 4516 quis
912 4442 1066 4517 sequente
1097 4436 1282 4501 accusativo
