2850 5002
1231 534 1272 595 43

149 721 276 787 semper
297 684 469 785 suppetat',
491 700 585 784 Epid.
601 700 694 783 1113,
712 702 765 763 16:
789 699 866 764 ‘Cui
887 698 1010 764 homini
1032 721 1143 766 omnes
1159 722 1275 786 suppe-

109 888 112 893 ᾖ
147 811 220 869 tunt
242 822 294 868 res
315 801 514 888 prosperei’,
548 803 634 868 Pers.
657 805 736 866 331:
764 803 820 868 ‘Ut
842 800 920 866 mihi
944 804 1090 888 supersit,
1112 811 1274 888 suppetat,

104 972 107 980 ,
150 904 356 991 superstitet',
382 906 441 989 Ep.
463 905 479 970 I
505 911 531 988 1,
553 907 611 968 35:
638 905 685 969 ‘id
708 905 803 969 modu
825 905 1041 988 videndumst,
1068 913 1103 970 ut
1124 907 1275 972 materies

151 1014 302 1093 suppetat
323 1008 470 1072 scutariis
479 1008 494 1090 ',
517 1008 604 1073 Trin.
628 1011 726 1071 1119:
749 1008 811 1071 ‘ita
831 1008 961 1090 gaudiis
983 1008 1138 1092 gaudium
1162 1028 1275 1094 suppe-

151 1112 220 1177 tat’.
256 1111 303 1176 sie
317 1112 402 1176 enim
419 1109 571 1176 exhibent
585 1111 669 1195 libri,
691 1111 746 1176 sed
764 1110 966 1176 seribendum
982 1120 1048 1176 est:
1072 1111 1130 1175 ‘ita
1144 1112 1274 1195 gaudiis

152 1213 273 1296 gaudia
294 1211 514 1296 suppeditant'
537 1210 589 1298 (ef.
599 1212 716 1295 Bergk.
731 1212 812 1278 diar.
828 1219 892 1277 ant.
907 1214 990 1278 stud.
1005 1235 1035 1278 a.
1053 1215 1133 1277 1852
1148 1234 1179 1298 p.
1191 1211 1275 1302 348),

151 1316 240 1380 Asin.
256 1318 311 1379 56:
334 1313 431 1392 ‘Quia
453 1334 517 1377 nen
540 1322 711 1399 suppetunt
732 1315 828 1380 dietis
851 1316 954 1399 data’,
981 1317 1068 1382 Trin.
1084 1320 1140 1379 57:
1163 1318 1276 1383 ‘Deus-

151 1437 212 1501 que
234 1438 303 1501 ure,
331 1422 364 1480 ut
387 1417 475 1480 vitae
506 1422 581 1480 tuae
610 1425 771 1501 superstes
799 1419 960 1502 suppetat'
990 1417 1073 1503 (soil.
1095 1439 1175 1484 uxor
1196 1419 1276 1505 tua),

152 1528 230 1586 Eua.
256 1526 295 1585 tr.
317 1519 355 1584 fr.
377 1540 406 1585 v.
429 1521 506 1582 370:
536 1520 690 1604 ‘namque
718 1539 850 1602 regnum
878 1522 1070 1606 suppetebat
1091 1522 1173 1606 ,rni',
1200 1521 1276 1588 ibid.

152 1644 182 1687 v.
205 1624 282 1684 324:
318 1621 395 1684 ‘nun
427 1621 512 1705 petis
546 1621 645 1686 ecfari
678 1628 804 1686 tantum
842 1623 950 1705 dietis,
988 1631 1143 1706 quantum
1180 1625 1275 1690 fantis

153 1722 314 1807 suppetit',
337 1724 422 1806 quod
444 1730 552 1788 verto:
576 1728 659 1789 ‘was
680 1725 872 1790 tatsaehlieh
893 1726 1050 1809 vorliegt'.

239 1828 288 1892 58.
330 1828 535 1911 supersidere
550 1826 624 1911 (Pl.)
647 1829 747 1892 semel
769 1847 841 1892 eum
864 1828 973 1893 dative
988 1848 1146 1913 personae
1161 1828 1276 1912 legitur

154 1929 242 2013 apud
264 1936 407 1994 Plautum
428 1930 516 1994 Pers.
538 1949 566 1994 v.
590 1933 648 1993 331
673 1930 741 1995 iam
763 1951 861 2014 supra
884 1930 1005 1996 adlato.
