2850 5002
185 476 225 537 30

181 648 305 707 menter
340 641 459 706 dubito.
517 641 559 707 ad
597 642 682 724 qued
717 642 791 709 illa:
828 663 869 707 ne
902 662 1000 727 pave,
1035 642 1307 727 Periplseemene,

174 738 342 828 'peioribus
365 742 445 830 (seii.
466 742 676 829 facinoribus)
708 762 804 825 quam
834 743 915 808 illud
938 751 987 809 est
1016 746 1165 810 mulieres
1192 764 1307 811 eonve-

180 847 282 912 niunt.
336 865 398 928 quo
431 864 585 928 response
622 845 764 923 tandem,
803 851 837 910 ut
871 847 1010 930 videtur,
1047 853 1213 912 eontentus
1248 848 1306 913 ille

180 950 339 1014 exlamat:
361 947 409 1011 ita
425 967 482 1010 ves
497 948 597 1012 deese
642 946 890 1030 consequimini.
910 948 994 1013 hane
1015 948 1113 1032 igitur
1135 950 1306 1016 verberum

181 1050 371 1117 sententiam
393 1068 465 1114 esse
488 1068 506 1114 e
529 1049 672 1114 eodieum
696 1051 841 1134 vestigiis
871 1051 1018 1135 adparet,
1052 1052 1109 1117 sed
1139 1071 1211 1117 eam
1241 1072 1307 1119 uno

181 1173 275 1219 versu
297 1151 524 1236 comprehendi
546 1172 643 1236 pesse
665 1172 756 1236 nege.
799 1154 910 1234 itaque
932 1159 1034 1218 toturn
1057 1155 1162 1218 lerum
1185 1155 1261 1220 inde
1283 1174 1306 1219 a

181 1275 274 1320 versu
310 1257 370 1318 893
405 1272 508 1337 usque
541 1254 585 1318 ad
618 1257 680 1319 896
713 1255 849 1320 lacunae
887 1256 987 1339 signis
1024 1275 1094 1320 eum
1133 1255 1307 1322 Ritsehelio

180 1358 389 1423 Fleckeisene
415 1357 523 1421 Brixia
546 1357 661 1441 positis
684 1358 730 1423 sie
753 1357 871 1422 scribo:
908 1358 982 1425 ‘nd
1010 1359 1094 1422 Dum
1125 1358 1308 1425 nescientes

181 1461 257 1543 quid
280 1461 396 1525 benum
419 1458 587 1542 faeiamus,
607 1478 648 1524 ne
669 1458 815 1525 formida.
858 1461 922 1526 PE.
938 1460 1026 1524 Mala
1048 1461 1164 1526 mulier
1186 1482 1271 1527 mers
1281 1460 1307 1548 ¹)

181 1569 230 1628 est
349 1562 414 1626 Ad.
441 1580 482 1625 ne
509 1580 608 1644 pave:
640 1563 804 1646 peioribus
833 1562 1035 1632 conveniunt.
1082 1563 1146 1629 PE.
1167 1564 1219 1629 Ita
1247 1584 1308 1630 ves

182 1666 283 1731 decet.
312 1663 562 1746 Consequimini.
584 1664 673 1748 sqq.'‚
706 1662 768 1728 nisi
792 1664 876 1746 quod
898 1666 998 1731 male:
1028 1665 1107 1730 ‘Ad
1136 1685 1176 1731 ne
1204 1685 1308 1751 pave:

182 1767 342 1853 peioribus
365 1766 572 1830 convenimus
581 1765 596 1831 '.
640 1786 715 1830 nam
739 1767 796 1850 sia,
824 1786 886 1848 quo
908 1767 1008 1831 verba
1038 1768 1097 1832 ‘ita
1119 1787 1177 1833 vos
1201 1767 1307 1834 deeet’

181 1868 351 1935 referenda
380 1869 457 1951 sint,
489 1869 596 1932 statim
627 1868 831 1951 intellegitur.
874 1876 963 1934 verte
993 1869 1104 1952 igitur:
1137 1870 1198 1935 das
1220 1870 1308 1936 weib

182 1991 270 2036 nwar
293 1972 335 2034 ist
357 1971 429 2035 eine
451 1967 612 2035 sehleeirte
634 1956 755 2054 waere,
782 1969 876 2055 (aber
899 1971 938 2036 ob
961 1970 1010 2035 ihr
1031 1973 1092 2035 mir
1114 1971 1175 2037 den
1198 1972 1308 2056 prahl·

182 2074 264 2138 hans
286 2071 459 2138 liberlisten
480 2072 594 2155 kdnnt‚
624 2072 737 2137 mdeht’
761 2073 845 2137 heim
868 2074 1000 2138 Pollux!
1030 2072 1133 2139 sehier
1154 2072 1205 2138 iah
1223 2073 1309 2157 jetzt

181 2172 397 2259 hermadam),
434 2174 499 2239 ΑΟ.
525 2174 607 2239 Hab'
633 2174 731 2239 keine
754 2181 865 2256 anget:
902 2197 941 2240 zu
971 2174 1170 2241 sehleehtern
1200 2174 1308 2262 (miss-

182 2276 316 2361 liehern)
343 2276 461 2359 dingen
489 2276 570 2341 noeh
594 2276 666 2339 sind
689 2275 747 2339 wir
768 2278 924 2359 geeignet.
969 2278 1031 2345 PF.
1053 2298 1088 2343 se
1110 2279 1247 2362 geniemt
1269 2297 1308 2345 es

183 2380 278 2464 eueh,
306 2378 384 2462 felgt
406 2378 467 2441 mir
488 2398 562 2443 nun.
606 2379 782 2442 Lerenzius
813 2379 949 2444 laeunae
978 2381 1079 2462 signis
1107 2401 1169 2445 nen
1191 2380 1308 2465 positis

183 2483 243 2547 hoe
273 2480 457 2564 temptavit:
489 2478 566 2545 ‘Pla
589 2480 677 2545 Mela
706 2498 790 2545 mers
818 2500 853 2545 es
880 2481 1003 2547 mulier.
1050 2482 1115 2549 ΑΟ.
1136 2503 1176 2549 ne
1205 2502 1309 2568 pave:

183 2585 309 2670 peiores
333 2581 541 2649 eonvenibis‘.
586 2583 619 2646 in
642 2601 707 2664 qua
729 2582 865 2648 leetiene
885 2603 965 2649 sane
979 2585 1079 2650 verba
1100 2586 1201 2650 ‘Mala
1222 2605 1310 2651 mers

183 2708 218 2754 es
241 2685 367 2752 mulier’
397 2706 418 2749 a
447 2685 707 2769 Peripleeomeno
738 2686 824 2749 dieta
856 2687 1023 2771 aptissime
1049 2688 1090 2752 iis
1112 2707 1196 2770 quae
1218 2694 1308 2754 ante-

183 2791 300 2856 cedunt
323 2788 547 2871 adiunguntur.
591 2788 648 2852 sed
670 2788 749 2852 illud
773 2787 906 2853 offendit
929 2788 1023 2873 qued,
1045 2808 1107 2871 quo
1127 2790 1226 2855 verba
1246 2790 1308 2855 ‘ita

183 2912 241 2959 ves
264 2890 369 2956 deeet’
392 2891 580 2973 referantur,
600 2909 665 2953 nen
687 2891 768 2955 satis
782 2890 892 2973 liquet.
913 2928 956 2937 -
979 2897 1096 2957 Terent.
1120 2893 1216 2957 Andr.
1228 2895 1307 2959 366:

182 2996 281 3059 ‘Num
296 2993 444 3059 videntur
459 2993 630 3057 convenire
645 2992 726 3057 haee
747 2992 915 3077 nuptiis‘i’‚
937 2993 1064 3059 Pherm.
1080 2997 1156 3061 726:
1177 2995 1307 3060 ‘Mulier

183 3097 310 3162 mulieri
332 3096 437 3176 magis
461 3094 630 3175 eonvenit',
662 3096 838 3160 ‘convenit’
860 3096 946 3160 enim
969 3097 1119 3180 seriptum
1143 3106 1191 3162 est
1213 3099 1246 3162 in
1268 3100 1306 3183 A,

183 3199 270 3281 quod
292 3202 480 3280 receperunt
501 3196 731 3262 Fleckeisenus
753 3204 785 3262 et
806 3196 1094 3282 Umpfenbaehius‚
1121 3199 1154 3262 in
1176 3201 1306 3266 relieuis

183 3301 273 3365 libris
295 3307 344 3364 est
366 3297 553 3381 ‘eongruet'.
596 3305 706 3381 Afrae.
730 3320 759 3363 v.
781 3302 837 3364 26:
865 3301 1063 3365 ‘conveniret
1090 3302 1175 3383 qued
1206 3301 1305 3369 mihi’.

183 3403 286 3467 altera
309 3400 499 3485 significatio
521 3400 679 3485 ‘pluribus
694 3400 778 3468 idem
795 3401 936 3486 plaeere'
956 3408 1044 3467 extat
1066 3403 1155 3488 apud
1167 3411 1305 3470 Plautum

183 3505 323 3571 PoenV
347 3507 374 3589 6,
397 3507 433 3569 3:
456 3504 617 3569 ‘omnibus
640 3503 753 3568 amieis
776 3504 862 3568 idem
885 3504 1055 3590 eonvenit',
1078 3507 1191 3572 Pseud.
1209 3512 1305 3572 1111:

183 3608 269 3673 ‘eum
298 3606 347 3672 his
376 3626 435 3672 nee
464 3606 552 3671 loeus
582 3605 659 3671 Mihi
690 3625 750 3670 nee
779 3627 882 3672 sermo
912 3608 1082 3694 eonvenit’,
1115 3610 1200 3674 Trin.
1229 3611 1305 3675 623:

183 3709 313 3775 ‘Nesaio
337 3709 413 3793 quid
435 3730 499 3774 nen
522 3709 602 3775 satis
624 3708 707 3774 inter
729 3728 784 3774 ees
806 3708 975 3793 eonvenitss'
999 3711 1090 3776 Most„
1106 3714 1183 3777 304:
1204 3713 1305 3776 ‘Bene

182 3812 280 3895 igitur
300 3814 383 3876 ratio
406 3814 531 3896 aeaepti
554 3819 652 3895 atque
674 3813 807 3896 expensi
822 3813 905 3877 inter
922 3832 981 3878 nos
997 3814 1169 3898 eonvenit’,
1192 3812 1304 3877 Pseud.

186 3918 282 3980 1000:
306 3917 404 3997 ‘quae
419 3911 553 3999 (image)
576 3914 658 3979 inter
674 3934 733 3979 nos
751 3912 815 3978 duo
839 3917 986 3979 convenit
1001 3915 1100 3996 elim’,
1122 3913 1304 3977 ibid.1093:

183 4017 252 4099 ‘qui
275 4013 465 4102 (sumbelus)
488 4016 570 4080 inter
593 4036 645 4081 me
667 4022 700 4081 et
722 4016 811 4081 illum
834 4017 1041 4083 convenerat'
1062 4016 1102 4080 ef.
1118 4014 1198 4080 Men.
1224 4017 1304 4077 11111

184 4122 277 4185 True.
299 4118 344 4183 IV
368 4120 396 4201 3,
418 4120 458 4181 20
493 4120 563 4184 Aul.
585 4118 618 4182 II
640 4121 672 4197 2,
695 4122 745 4184 80.
779 4119 869 4204 Capi.
892 4122 971 4184 395:
1000 4120 1076 4200 ‘qno
1103 4122 1197 4202 paeto
1226 4116 1305 4181 mihi

182 4243 263 4287 nunc
293 4240 365 4285 eum
396 4218 456 4285 hoe
486 4222 669 4286 convenerit
698 4222 746 4286 De
768 4220 863 4287 huius
884 4219 969 4302 filia,
1003 4219 1093 4284 Cure.
1116 4221 1193 4283 435:
1226 4219 1305 4284 ‘iam

184 4369 384 4377 ...--—.-—.—-

271 4444 291 4505 ¹)
310 4440 397 4495 ‘mers’
415 4441 443 4494 in
460 4435 489 4494 A
507 4439 612 4510 legisse
631 4438 853 4496 Studemundum
871 4444 991 4495 testatur
1008 4440 1168 4496 Lorensius.
