2850 5002
601 1559 826 1642 VIM.

661 1769 762 1777 ——-—-

236 1918 395 1984 Henrious
417 1918 529 1983 Hahn
550 1924 738 1984 natussum
761 1919 814 1984 die
837 1920 948 1985 XVIII
969 1921 1011 1985 M.
1033 1919 1122 1985 Junii
1143 1939 1174 1985 a.
1190 1921 1272 1984 1854

151 2022 185 2085 in
207 2040 293 2105 pago
323 2019 487 2104 Rhenano,
519 2021 569 2086 oui
592 2040 708 2086 nomen
737 2020 1036 2087 Waldbookelheim
1059 2021 1194 2086 inditum
1216 2027 1273 2106 est,

150 2130 242 2206 patre
264 2121 421 2207 Philippo,
451 2142 545 2205 quem
574 2129 734 2188 mortuum
763 2123 866 2207 lugeo,
895 2131 996 2189 matre
1027 2123 1272 2207 Margarethae

150 2229 245 2306 gente
260 2223 381 2307 (ianus,
403 2243 499 2307 quam
521 2225 724 2309 superstitem
745 2225 882 2308 gaudeo.
924 2226 1017 2291 Fidei
1039 2225 1187 2290 addictus
1201 2247 1271 2291 sum

151 2325 369 2409 evangelicae.
419 2327 651 2392 Testimonium
681 2327 878 2392 maturitatis
910 2328 943 2392 in
974 2328 1145 2413 gymnasio
1174 2328 1272 2393 Weil-

151 2427 301 2512 burgensi
324 2428 461 2514 adeptus
484 2449 554 2493 sum
577 2449 653 2495 vere
675 2431 754 2495 anni
778 2432 868 2495 1873.
911 2431 949 2495 Iu
971 2429 1180 2497 universitate
1198 2431 1272 2516 Lip-

150 2529 250 2594 siensi
279 2551 456 2615 perunum
480 2537 642 2616 semestre,
663 2532 696 2596 in
723 2532 860 2597 Halensi
881 2552 939 2617 per
961 2538 1084 2617 septem
1107 2535 1274 2599 semestris

150 2631 268 2697 studiis
286 2632 415 2698 inoubui
430 2633 642 2717 philologieis.
686 2635 806 2700 Audivi
821 2642 929 2701 autem
944 2636 1142 2720 professores
1157 2637 1273 2701 Bern-

149 2733 283 2819 hardy,
308 2734 480 2817 Ourtius,
502 2735 795 2819 Dittenberger,
816 2738 1046 2821 Duemmler‚
1067 2738 1271 2823 Erdmann,

150 2836 312 2918 Gosohe,
335 2837 469 2923 Haym,
495 2838 601 2923 Keil,
622 2839 797 2923 Kramer,
827 2838 993 2925 Ritsohl,
1022 2839 1176 2906 Zaoher.
1218 2840 1272 2906 Se·

150 2938 279 3004 minerii
308 2939 417 3024 philoL
448 2940 603 3006 Halensis
625 2962 683 3025 per
704 2942 767 3008 duo
791 2943 956 3008 semestria
979 2942 1101 3007 sodalis
1122 2943 1169 3008 fui
1191 2943 1273 3008 ordi·

148 3041 271 3107 narius.
313 3041 439 3108 Deinde
461 3042 587 3108 Zaoher
615 3043 753 3126 benigne
780 3043 934 3129 permisit,
963 3050 998 3108 ut
1027 3046 1171 3110 societati
1193 3066 1272 3112 suae

149 3142 334 3210 theodisoae
367 3165 424 3229 per
455 3144 620 3210 biennium
650 3146 846 3214 interessem.
896 3146 1019 3224 Quibus
1047 3148 1125 3212 viris
1154 3148 1271 3233 optime

150 3245 191 3311 de
213 3266 265 3313 me
287 3247 410 3314 meritis
429 3247 553 3332 gratim
574 3267 636 3332 ago
659 3266 756 3330 quam
778 3249 945 3315 maximas.
