2850 5002
1237 538 1274 597 15

152 712 210 778 tihi
232 709 384 795 adest’1).
406 745 448 755 —
470 713 572 773 restat
595 712 682 772 Nosti
709 707 797 770 loeus
824 725 845 770 o
867 704 972 769 Nonio
992 707 1064 788 416,
1086 706 1105 766 2
1129 712 1275 769 servatus

154 815 209 898 qui
231 813 276 878 sie
298 810 385 896 apud
407 809 618 875 Ribbeehium
642 827 720 874 eom.
742 807 780 874 fr.
801 828 831 891 p.
854 809 915 869 262
939 807 1070 888 legitur:
1091 806 1172 871 ‘Our
1193 807 1275 871 istuo

153 915 339 983 vadimonio
361 911 493 978 assum?
516 911 783 977 fvestimentum
798 907 961 974 vesceris’.
1005 908 1063 972 sed
1078 928 1273 990 quamquam

154 1038 219 1084 non
241 1016 369 1100 dubito,
400 1014 476 1098 quin
506 1019 592 1079 reete
614 1012 666 1076 hie
687 1013 776 1077 loeus
797 1032 818 1076 a
840 1010 1017 1075 Ribbeokio
1039 1011 1205 1075 restitutus
1227 1013 1278 1095 sit,

155 1128 262 1185 tomen
283 1138 355 1184 eum
379 1116 423 1181 ad
445 1115 532 1181 verbi
555 1121 746 1180 structuram
769 1114 929 1197 pertinere
952 1132 1041 1196 nego,
1064 1114 1184 1197 quippe
1204 1135 1275 1179 oum

154 1222 233 1287 nihil
262 1220 352 1285 aliud
383 1219 493 1284 dativo
522 1218 585 1282 nisi
608 1216 680 1281 finis
702 1216 909 1300 exprimatur.
952 1215 1065 1280 addita
1087 1236 1161 1280 vero
1184 1236 1276 1300 proe-

154 1325 309 1410 positione
331 1323 420 1387 loous
445 1321 607 1386 indicatur
643 1319 674 1403 1)
697 1319 735 1386 ad
760 1327 860 1383 Pluut.
882 1316 997 1400 Amph.
1020 1322 1098 1382 504:
1129 1319 1198 1383 ‘sed
1222 1320 1274 1385 ubi

153 1446 295 1492 summus
317 1426 493 1508 imperator
514 1443 579 1488 non
601 1422 694 1487 adest
716 1422 760 1484 ad
782 1418 977 1502 exereitum,
1004 1420 1076 1484 Aul.
1098 1421 1147 1485 ΙΙΙ
1169 1424 1197 1506 2,
1219 1425 1276 1487 25:

152 1529 217 1593 ‘Ad
239 1528 344 1594 foeum
375 1526 403 1590 si
430 1525 571 1608 adesses,
597 1545 661 1588 non
683 1523 781 1588 fissile
803 1524 851 1587 sio
872 1521 1008 1586 haberes
1030 1521 1147 1605 ooput'.
1189 1526 1277 1608 opud

154 1638 325 1697 lorentium
353 1628 447 1692 huius
476 1648 553 1692 usus
582 1627 730 1710 exempla
762 1624 840 1688 mihi
870 1643 933 1688 non
964 1631 1092 1707 praesto
1124 1632 1206 1690 suut.
1234 1666 1276 1677 -

154 1732 215 1817 hie,
230 1739 264 1797 ut
279 1732 387 1796 omniu
401 1749 587 1815 proponam,
608 1727 685 1792 mihi
701 1729 796 1792 lioeat
811 1727 959 1810 exempla
974 1726 1127 1791 nonnullo
1143 1727 1278 1812 adferre,

156 1853 253 1917 quae,
287 1854 357 1899 oum
387 1833 459 1898 finis
490 1831 681 1916 significatio
710 1830 786 1894 insit
808 1830 841 1894 in
866 1830 1117 1914 praepositione,
1150 1831 1277 1915 proprie

155 1936 216 2001 huo
236 1956 301 2001 non
324 1937 493 2020 pertinent.
538 1940 610 1999 sunt
633 1938 740 1998 autem
763 1932 860 1999 haee:
891 1940 990 1997 Ploot.
1013 1933 1110 1997 Poen.
1132 1933 1147 1996 l
1171 1937 1199 2017 2,
1221 1938 1277 2000 43:

153 2041 239 2103 ‘sunt
270 2038 322 2104 hie
351 2038 460 2102 omnia
491 2056 575 2119 quae
607 2035 650 2101 ad
680 2035 775 2099 deum
811 2054 923 2119 paoem
957 2041 1081 2119 oportet
1114 2036 1277 2117 adessei’,

154 2142 236 2205 Men.
265 2140 345 2224 prol.
377 2143 429 2204 16:
465 2140 587 2203 ‘Tanta
622 2138 666 2202 od
697 2138 895 2201 narrandum
930 2144 1152 2219 argumentum
1186 2139 1279 2204 adest

155 2240 357 2323 benignitas'.
401 2241 447 2305 sio
468 2240 552 2305 enim
575 2241 728 2324 seriptum
752 2245 801 2304 est
816 2239 849 2302 in
864 2239 1034 2321 eodioihus,
1058 2241 1143 2322 quod
1159 2241 1277 2325 dubito,

155 2364 232 2407 num
267 2343 466 2409 retinendum
502 2343 543 2408 sit
575 2362 646 2407 oum
681 2343 791 2406 Brixio
830 2340 911 2405 illud
944 2350 1029 2407 adest
1061 2342 1205 2407 similiter
1239 2364 1278 2408 ao

149 2445 289 2532 potestl)
311 2466 369 2531 pro
392 2444 576 2531 pyrrhichio
599 2445 746 2509 habente.
791 2464 900 2508 verum
924 2443 1043 2509 vidisse
1058 2445 1136 2510 mihi
1151 2445 1278 2511 videtur

155 2548 359 2634 RitseheHus,
382 2550 436 2631 qui
459 2547 603 2632 scripsit:
636 2549 755 2612 ‘Tanta
777 2547 820 2610 ad
841 2546 1036 2611 narrandum
1058 2558 1166 2612 nostro
1187 2548 1278 2614 adest

155 2650 367 2733 benignitas',
388 2651 455 2717 Mil.
471 2652 548 2715 918:
570 2649 711 2714 ‘Adsunt
732 2649 814 2714 fabri
837 2648 1131 2732 arohiteotonesque
1147 2651 1190 2715 ad
1206 2672 1277 2718 eam

155 2773 219 2815 rem
240 2751 321 2815 haut
342 2752 504 2837 imperiti’.
549 2752 603 2816 Sio
624 2752 708 2816 enim
724 2750 920 2817 Ritsehelius
941 2771 1035 2834 quem
1050 2752 1278 2819 Fleckeisenus

155 2859 187 2917 et
208 2853 383 2918 Lorenzius
407 2854 507 2918 seouti
529 2860 602 2919 sunt
617 2853 701 2919 huno
715 2855 819 2918 looum
836 2853 1079 2918 versatissimum
1095 2855 1233 2920 restituit
1254 2856 1277 2943 ).

157 2955 255 3040 paulo
285 2955 393 3039 aptius
424 2955 552 3038 quidem
583 2964 631 3021 est
660 2956 740 3022 illud
773 2956 858 3039 quod
888 2955 1053 3040 proposuit
1082 2956 1279 3023 Ribbeehius

155 3059 248 3143 (mus.
271 3057 370 3123 Rhen.
398 3057 459 3122 vol.
482 3058 596 3123 XXIX
622 3080 653 3143 p.
679 3057 746 3143 ll):
782 3058 921 3122 ‘Adsunt
953 3057 1037 3123 fabri
1070 3058 1278 3125 arohiteotoui

153 3160 253 3245 probo
276 3159 320 3225 ad
340 3179 411 3225 eam
436 3157 493 3245 (se.
509 3159 665 3245 carinam)
689 3159 777 3225 haud
790 3160 952 3243 imperiti'.
996 3161 1053 3227 sed
1067 3183 1142 3226 num
1158 3161 1278 3227 formas

153 3262 409 3328 ‘architectones’
442 3262 493 3328 vel
525 3261 761 3327 ‘arohiteotoni’
794 3263 845 3327 hio
880 3262 1073 3328 substituere
1099 3265 1209 3348 lioeat,
1244 3264 1277 3330 in

154 3363 260 3429 medio
282 3364 486 3448 relinquitur:
509 3385 583 3429 uam
606 3365 741 3429 Plautus
764 3364 812 3428 bis
827 3371 953 3429 tantum
977 3365 1081 3449 (Most.
1098 3370 1158 3429 too
1182 3368 1278 3433 Poen.

156 3465 238 3548 V2,
264 3465 336 3552 150)
368 3467 554 3532 aeousatiuo
586 3465 858 3531 ‘arehiteotonem’
894 3488 971 3531 usus
1004 3476 1065 3552 est,
1098 3487 1168 3532 oum
1200 3468 1278 3534 alibi

155 3583 282 3649 semper
310 3567 413 3632 forma
443 3568 476 3631 in
506 3567 570 3633 ‘us’
600 3568 752 3634 desinens
775 3569 953 3652 reperiatur
983 3567 1111 3654 (Amph.
1133 3572 1213 3655 prol.
1236 3576 1276 3635 45

155 3666 221 3733 Mil.
243 3670 313 3750 901,
336 3670 406 3751 902,
429 3671 501 3751 915,
526 3673 602 3733 1131
634 3672 726 3736 True.
748 3672 827 3756 prol.
850 3670 892 3757 3).
935 3672 1058 3754 itaque,
1089 3694 1160 3738 oum
1182 3694 1277 3740 nemo

155 3769 265 3852 aptius
288 3770 474 3857 quiequam,
504 3772 588 3852 quod
610 3772 723 3856 seiam,
751 3771 856 3838 adhue
878 3773 1090 3859 proposuerit,
1119 3775 1152 3840 iu
1175 3778 1278 3843 Brixii

242 3993 261 4057 ¹)
279 4005 335 4043 non
359 4005 424 4045 sene
447 3992 562 4046 nescius
586 4009 646 4047 sum
668 3994 741 4047 inter
764 3992 832 4047 haee
850 3994 976 4062 exempla
997 3997 1131 4051 nonnulla
1148 4012 1223 4065 esse,
1248 3999 1277 4052 in

153 4072 256 4141 quibus
279 4074 348 4129 illud
371 4090 461 4144 genus
484 4075 572 4132 dativi
591 4077 705 4146 legitur,
729 4093 785 4146 quo
809 4091 865 4131 rem
883 4079 1023 4146 pertinere
1040 4081 1076 4134 ed
1099 4082 1218 4150 aliquem
1236 4082 1276 4135 in-

153 4157 276 4213 dicetur:
295 4160 344 4229 qui
363 4160 488 4230 dativus,
513 4178 574 4216 oum
593 4163 686 4217 omnio
703 4163 790 4217 verbe
806 4164 964 4231 promiscue
983 4173 1123 4235 sequatur,
1140 4166 1176 4220 ad
1194 4167 1277 4223 huius

152 4244 232 4299 verbi
250 4252 417 4301 structurum
435 4249 547 4303 omnino
564 4264 621 4302 non
639 4248 769 4316 pertinet.

237 4333 259 4397 2)
279 4328 314 4385 ef.
332 4332 407 4386 Brix.
426 4334 461 4387 a‘d
480 4334 556 4387 Trin.
576 4338 608 4386 80
626 4338 655 4387 et
671 4330 759 4402 praef.
777 4333 804 4387 in
823 4333 897 4389 Trin.
915 4351 943 4404 p.
960 4340 997 4389 13.

237 4418 259 4482 ³)
279 4416 309 4470 in
327 4416 436 4473 Benim
454 4432 585 4489 perverse
604 4418 738 4488 seriptum
751 4418 1016 4489 est‘arehiteotique
1034 4424 1063 4475 te
1079 4422 1189 4490 amunt',
1204 4422 1234 4477 in
1252 4422 1275 4479 C

152 4501 350 4571 ‘arehieetique
366 4509 413 4559 oto
429 4518 508 4575 omen
524 4504 573 4558 ut'.
