2850 5002
1251 529 1270 590 3

147 698 357 784 proficiscitur
386 697 501 780 quietis
537 699 666 760 statum.
718 714 802 778 quae
830 695 880 761 vis
914 695 1095 778 ubicunque
1125 701 1272 760 servatur

148 803 351 883 dilucideque
373 798 577 882 significatur,
598 796 696 881 prisci
718 803 832 881 poetae
855 817 981 881 semper
1001 798 1271 881 praepositionem

148 905 239 971 verbi
262 902 428 986 compositi
450 902 553 985 ipsam
581 900 634 965 vel
656 901 793 965 similem
816 906 938 983 ponunt
965 901 1035 965 sive
1056 899 1090 964 id
1112 901 1162 964 eui
1183 920 1273 984 prae-

66 1000 69 1005 ’
149 1007 267 1091 positio
290 1004 474 1088 adiungitur
495 1002 627 1068 verbum
658 1002 787 1086 proprio
816 1021 913 1068 sensu
942 1007 1099 1086 usurpant
1121 1003 1189 1067 sive
1215 1023 1273 1087 per

149 1108 402 1189 translationem,
424 1107 487 1171 nisi
511 1104 596 1186 quod
620 1105 719 1170 semel
735 1111 853 1169 Enalos
876 1106 962 1188 apud
985 1103 1073 1170 Serv.
1095 1105 1128 1168 in
1147 1108 1226 1171 Aen.
1241 1106 1274 1170 ΙΙ

151 1214 190 1275 65
213 1207 449 1276 ‘occumbendi’
472 1208 580 1290 verbo,
602 1226 665 1288 quo
680 1206 808 1290 proprie
831 1226 937 1271 merus
959 1206 1147 1292 exprimitur
1162 1214 1275 1291 motus,

151 1313 298 1379 dativum
321 1310 445 1376 ‘morti'
468 1309 616 1375 adiunxit
639 1317 718 1392 trag.
740 1310 819 1392 frag.
841 1331 870 1374 v.
886 1311 947 1373 384
970 1309 1020 1374 ed.
1041 1309 1233 1392 Ribbeck.:²¹‚

236 1418 243 1449 ‘
251 1462 515 1481 ......
558 1418 593 1475 ut
615 1431 673 1476 vos
698 1412 795 1476 vostri
817 1411 911 1476 liberi

235 1517 436 1601 Defendant,
465 1536 523 1600 pro
554 1520 662 1580 vostra
693 1514 760 1578 vita
790 1515 884 1579 morti
912 1514 1103 1579 occumbant
1129 1515 1274 1581 fortiter.'

151 1624 198 1687 sio
226 1621 310 1687 enim
341 1619 437 1702 vulgo
468 1619 599 1700 legitur,
628 1615 826 1681 Ribbeckius
854 1637 912 1700 pro
943 1616 1090 1682 ‘fortiter’
1120 1636 1137 1682 e
1168 1618 1277 1682 codice

155 1729 235 1788 Coss.
258 1720 410 1786 ‘obviam'
431 1719 559 1804 recepit,
582 1719 668 1801 quod
690 1717 723 1782 in
746 1725 832 1785 dbld.
855 1718 1023 1784 intercidit.
1068 1735 1153 1800 quae
1180 1720 1276 1784 lectio

153 1825 181 1889 si
209 1825 349 1908 genuina
375 1830 424 1889 est
446 1860 486 1869 —
508 1822 543 1886 id
573 1821 659 1903 quod
686 1820 836 1903 equidem
869 1840 947 1886 sane
978 1821 1046 1886 veri
1081 1820 1277 1885 simillimum

153 1926 234 1991 duco
255 1963 299 1973 -
320 1925 385 1990 iam
409 1924 513 1989 minus
543 1923 718 1988 insolenter
747 1923 870 2007 positus
899 1942 969 1988 esse
991 1923 1119 1988 videtur
1140 1923 1279 2006 dativus,

153 2029 306 2111 quoniam
329 2028 455 2092 adiecto
477 2025 633 2105 ‘obviam'
664 2026 817 2090 adverbio
846 2025 1022 2091 ‘movendi'
1048 2026 1149 2091 verba
1179 2027 1278 2090 talem

152 2131 288 2196 induunt
318 2130 496 2211 notionem,
524 2134 559 2193 ut
581 2128 711 2192 dativus
733 2129 773 2191 iis
796 2127 916 2210 adponi
938 2127 1054 2211 possit,
1081 2148 1278 2210 quamquam

155 2232 244 2315 apud
259 2231 383 2315 priscos
405 2235 517 2315 poetas
534 2249 661 2313 semper
677 2229 807 2294 dativus
824 2252 982 2310 personae
997 2249 1061 2293 non
1083 2239 1129 2296 ret
1143 2230 1280 2314 ponitur.

156 2333 320 2400 sedidem
342 2332 396 2398 ille
419 2332 547 2397 dativus
569 2351 610 2397 no
633 2351 653 2394 a
675 2331 812 2416 simplici
834 2332 962 2414 quidem
985 2331 1158 2397 ‘mittendi’
1182 2331 1280 2396 verbo

155 2437 279 2502 alienus
302 2440 366 2520 est,
396 2442 495 2501 Plaat.
520 2434 613 2518 Oapt.
632 2436 682 2500 llI
704 2439 735 2517 5,
759 2437 798 2498 34
822 2434 928 2518 (692);
960 2436 1005 2500 ‘te
1027 2435 1120 2499 morti
1142 2434 1280 2517 misero',

154 2538 365 2620 similiterque
388 2546 499 2604 Accion
521 2556 649 2620 quoqne
672 2535 714 2622 (v.
730 2539 785 2599 491
814 2536 854 2622 R)
878 2538 970 2603 dicit:
993 2539 1076 2602 ‘Tun
1099 2587 1106 2603 .
1128 2588 1135 2604 .
1161 2536 1280 2601 socium

156 2641 255 2707 mittis
291 2640 411 2707 letol'.
443 2641 555 2722 itaque
591 2639 700 2704 neseio
740 2660 782 2703 an
813 2638 864 2703 bis
895 2639 996 2704 dativi
1023 2640 1133 2704 formis
1163 2640 1190 2704 si
1218 2660 1282 2704 non

156 2743 306 2827 proprias
332 2742 464 2810 locativi
485 2762 579 2806 casus
606 2742 728 2806 formas
750 2747 785 2805 at
816 2742 951 2807 obsoleti
974 2747 1058 2808 certe
1080 2742 1166 2806 illius
1187 2760 1282 2806 casus

157 2843 311 2926 reliquias
325 2842 480 2908 contineri
494 2845 611 2910 rectius
626 2863 814 2908 censeamus
825 2843 863 2930 1);
885 2845 926 2909 de
942 2865 1005 2926 quo
1028 2850 1113 2909 recte
1128 2843 1283 2908 iudicavit

157 2945 366 3011 Lehmaunns
396 2944 440 3030 (p.
465 2947 503 3009 19
525 2952 557 3011 et
584 2945 691 3011 adnot.
713 2945 802 3031 ibid.)
825 2948 940 3010 mirum
972 2967 1036 3010 non
1064 2965 1136 3011 esse
1165 2945 1283 3029 dicens,

158 3047 253 3132 quod,
275 3068 347 3112 oum
369 3048 528 3113 locativus
550 3047 616 3110 iam
641 3048 874 3130 antiquissimis
895 3049 1093 3133 temporibus
1116 3067 1133 3113 e
1155 3047 1283 3132 linguae

157 3151 279 3216 latinae
302 3151 530 3216 consuetudine
559 3150 715 3216 exciderit
746 3160 778 3216 et
805 3171 876 3215 cum
902 3151 1007 3216 datiro
1030 3152 1063 3215 in
1085 3172 1183 3215 unum
1213 3170 1284 3214 ooa-

157 3253 259 3333 luerit,
280 3252 341 3317 hoe
356 3252 484 3318 dicendi
505 3272 606 3336 genus
628 3253 696 3317 illis
710 3252 843 3318 vocibus
865 3262 1078 3338 propagatum
1102 3253 1146 3318 ad
1161 3252 1281 3317 similia

158 3355 289 3421 nomina
318 3356 404 3420 velut
433 3354 528 3420 ‘neci'
560 3355 663 3419 ‘orco'
691 3355 862 3423 transierit.
914 3355 1003 3420 cuius
1032 3355 1160 3438 generis
1184 3355 1285 3419 multa

160 3458 309 3542 exempla
321 3458 408 3541 apud
420 3457 609 3542 posterioris
621 3458 741 3522 aetatis
754 3458 933 3541 scriptores,
948 3465 1062 3542 poetas
1074 3457 1286 3541 potissimum,

160 3557 365 3623 inveniuntur
386 3559 440 3638 (cf.
462 3558 640 3625 Lehmann.
662 3580 691 3643 p.
709 3558 772 3644 20).

247 3674 383 3754 Quando
406 3683 513 3742 autem
535 3697 600 3742 non
629 3684 780 3743 accurate
802 3679 893 3743 locus
917 3677 1130 3761 significatur,
1159 3679 1216 3742 sed
1246 3678 1286 3743 de

161 3797 301 3864 persona
323 3778 432 3862 aliqua
455 3779 581 3845 nivere
603 3781 718 3865 agitur,
741 3781 792 3846 cui
815 3781 892 3863 quid
915 3787 973 3845 aut
987 3787 1036 3845 est
1059 3786 1115 3845 aut
1134 3780 1287 3863 contingit

161 3887 218 3947 aut
245 3881 395 3946 tribuitur
419 3886 475 3948 aut
498 3880 699 3965 coniungitur
721 3888 778 3947 aut
800 3882 1042 3966 adpropinquat
1064 3890 1120 3948 aut
1142 3883 1215 3948 usui
1234 3883 1286 3948 vel

161 3984 351 4051 detrimento
374 3983 408 4049 fit
430 3991 486 4049 aut
508 3985 550 4048 ad
573 4004 671 4068 quam
696 3985 825 4049 omnino
842 3984 930 4050 verbi
952 3985 1036 4050 aetio
1060 3985 1168 4068 aliquo
1191 3984 1286 4048 modo

161 4087 307 4172 refertur,
328 4086 459 4151 dativus
482 4108 573 4152 sunm
597 4087 718 4153 obtinet
740 4088 854 4171 locum,
877 4087 997 4173 quippe
1020 4087 1111 4152 cuius
1133 4086 1285 4150 universa

165 4244 367 4253 ——.--—

249 4327 271 4393 ¹)
287 4324 324 4379 of.
341 4323 450 4393 Nauke,
469 4323 679 4379 observationes
697 4323 809 4378 criticae
827 4328 856 4379 et
875 4322 1070 4393 grammaticae
1087 4321 1117 4374 in
1135 4320 1165 4374 P.
1177 4319 1288 4388 Papini-

166 4421 212 4461 um
229 4406 356 4464 Statium.
391 4408 507 4465 Vratisl.
528 4413 592 4464 1863
616 4425 643 4478 p.
670 4411 708 4463 17.
734 4407 770 4463 cf.
794 4408 876 4463 Haas.
900 4409 936 4463 ad
955 4406 1060 4475 Reisig.
1084 4423 1112 4476 p.
1124 4408 1173 4458 630
1192 4404 1288 4459 adnot

166 4494 226 4546 cao.
242 4492 300 4549 vlu
316 4494 424 4564 Reisig.
442 4512 470 4565 p.
488 4499 552 4565 ⁶⁶¹3
570 4498 628 4549 esr.
