2850 5002
147 517 188 577 38

147 684 355 769 Ritsohelius,
382 684 554 769 Borgkius,
584 684 769 751 Husohluius
799 690 1032 769 proposuerunt
1053 684 1104 750 vel
1131 683 1275 750 maxime

147 787 265 873 plaoot.
307 789 331 853 ii
352 789 437 854 enim
458 787 629 854 ‘laetitias'
651 788 787 873 plmalis
808 788 933 853 numeri
952 788 1186 852 nominativum
1200 806 1276 853 esse

146 895 316 976 putarunt3
346 909 431 975 quae
453 890 556 956 forma
579 890 670 956 Osois
692 890 726 955 in
747 911 808 956 usu
829 891 897 955 fuit
940 890 997 955 sed
1019 909 1059 956 ne
1081 909 1121 956 ea
1142 888 1275 973 quidem

147 993 305 1059 sententia
337 994 473 1079 probata
506 992 566 1058 hoo
601 995 783 1078 exemplum
815 993 858 1057 ad
894 998 1036 1057 nostrum
1072 993 1273 1077 propositum

146 1096 297 1182 pertinet,
329 1096 449 1181 quippe
478 1116 549 1161 oum
581 1096 692 1161 dativo
722 1095 802 1161 nihil
828 1095 919 1161 aliud
940 1096 1098 1161 indicetur
1119 1095 1182 1160 nisi
1204 1114 1274 1159 rem

147 1197 191 1264 ad
213 1196 354 1281 aliquem
377 1198 544 1282 pertinere.
585 1197 651 1264 hao
672 1217 747 1264 voro
771 1199 938 1263 oooasione
960 1198 1070 1263 oblata
1085 1198 1160 1263 huie
1174 1197 1274 1263 verbo

147 1301 247 1367 alium
279 1301 384 1366 looum
416 1301 558 1385 adpone,
592 1309 693 1367 Plorat.
724 1301 790 1368 Mil
813 1303 891 1365 333:
924 1300 1000 1366 ‘Hio
1032 1300 1199 1382 obsistam,
1231 1321 1275 1366 ne

148 1403 342 1488 imprudenti
371 1402 433 1468 huo
461 1424 502 1470 ea
532 1423 568 1469 se
598 1404 758 1489 subrepsit
787 1402 887 1469 mihi’.
941 1403 1068 1469 fuerunt
1097 1404 1181 1468 enim
1212 1403 1275 1468 viri

150 1506 236 1572 dooti
257 1510 292 1571 ut
316 1505 529 1571 Bueohelerus
551 1505 608 1591 (de
624 1506 738 1571 deolin.
753 1508 808 1570 lat.
823 1527 854 1590 p.
868 1506 930 1590 17),
952 1506 1007 1589 qui
1030 1509 1078 1571 ‘se
1101 1506 1274 1590 subrepsit'

148 1628 169 1672 a
190 1608 288 1674 verbo
310 1607 532 1692 ‘subrependi'
555 1608 760 1691 deducerent,
791 1608 876 1690 quod
903 1609 1071 1673 transitive
1093 1609 1144 1673 vel
1166 1608 1274 1692 potius

148 1710 299 1777 reflexive
322 1709 382 1775 hoo
402 1711 472 1775 loeo
496 1710 614 1775 dietum
637 1729 709 1776 esse
724 1709 974 1776 arbitrabantur.
1011 1711 1078 1794 alii,
1101 1731 1173 1776 eum
1189 1709 1274 1776 hano

148 1813 341 1879 sententiam
353 1812 496 1897 ineptam
513 1831 585 1879 esse
599 1813 831 1897 intellegerent,
846 1812 1037 1898 ‘subrepsit’
1053 1812 1107 1895 (ex
1122 1814 1275 1896 analogia

148 1916 282 2001 perfecti
305 1913 451 2002 ‘rapsi’¹)
482 1915 520 1982 of.
536 1915 600 1980 Cio.
623 1916 663 1981 de
684 1916 767 1999 legg.
783 1916 815 1980 II
837 1914 926 2002 §iil
955 1915 1052 1981 futuri
1074 1916 1179 1981 exaoti
1202 1936 1275 1982 oon-

149 2019 324 2084 iunotivum
359 2018 448 2083 verbi
482 2017 704 2102 ‘subripiendi'
738 2019 791 2084 vel
822 2019 929 2104 potius
961 2018 1204 2103 ‘subrupiendi’,
1239 2024 1275 2083 ut

150 2120 258 2186 Plauti
280 2140 427 2186 sermone
448 2128 538 2200 utar,
564 2140 636 2187 esse
658 2121 890 2187 existimarunt.
934 2141 1014 2186 sane
1039 2121 1274 2205 ‘subrupiendi’

154 2223 285 2289 verbum
308 2222 370 2288 hae
391 2224 463 2308 ipsa
486 2223 726 2307 significatione,
748 2240 834 2306 quae
855 2223 907 2288 hio
929 2223 1137 2306 desideratur,
1159 2223 1277 2307 legitur

149 2326 254 2391 Plaut.
276 2326 357 2392 Men.
373 2326 466 2405 1112,
482 2328 531 2404 39,
554 2325 611 2391 sed
633 2324 674 2391 de
696 2325 800 2390 forma
822 2324 997 2410 ‘subrepsi’
1020 2324 1146 2390 dubito:
1169 2327 1278 2409 immo,

150 2429 302 2511 quoniam
314 2430 491 2513 perlectum
502 2447 542 2492 ex
555 2427 681 2511 vulgari
692 2429 817 2494 ratione
833 2428 1003 2493 formatum
1019 2448 1081 2492 non
1096 2428 1277 2512 ‘subrepui',

152 2531 210 2597 sed
232 2528 414 2615 ‘subrupui'
437 2536 494 2611 est,
516 2550 580 2594 non
596 2530 698 2610 video,
720 2550 776 2595 our
798 2551 861 2595 non
885 2530 1060 2595 scribamus
1083 2529 1277 2615 ‘subrupsit’

152 2639 207 2698 aut
222 2632 359 2698 fortasse
373 2631 563 2717 ‘surempsit'
586 2652 604 2698 e
619 2632 707 2699 Festi
722 2632 918 2717 glossemate
932 2654 963 2717 p.
975 2635 1037 2701 298
1053 2634 1085 2697 M
1109 2652 1277 2717 suremp-

151 2736 201 2802 sit
223 2767 265 2789 =
288 2735 463 2802 ‘sustulerit
471 2734 487 2801 ’.

236 2860 286 2924 40.
329 2859 449 2927 lnslare
470 2856 545 2943 (Pl.)
575 2859 674 2923 semel
705 2879 776 2945 oum
808 2857 917 2921 dativo
947 2876 1107 2940 personae
1134 2857 1276 2921 iunotum

150 2961 308 3044 reperitur
330 2960 418 3044 apud
441 2968 584 3026 Plantam
604 2960 690 3025 Pers.
713 2962 788 3023 492:
813 2960 875 3024 ‘lta
896 2979 948 3023 me
970 2958 1022 3024 dei
1041 2965 1157 3042 ament,
1178 2965 1212 3023 ut
1235 2958 1275 3024 ob

149 3061 256 3128 istane
284 3081 351 3128 rem
379 3063 437 3127 tibi
466 3062 568 3126 multa
597 3063 682 3128 bona
704 3062 826 3125 instant
849 3080 869 3123 a
889 3060 961 3143 me',
987 3062 1165 3142 eademque
1186 3060 1276 3126 verbi

150 3163 384 3248 significatione
413 3165 503 3248 apud
525 3163 662 3229 eundem
685 3161 890 3228 aecusativus
923 3181 1116 3244 personae
1148 3164 1277 3246 ponitur

152 3266 247 3332 Poen.
269 3268 314 3332 IV
336 3270 365 3349 2,
387 3269 442 3330 96:
470 3267 628 3331 ‘Tantum
655 3286 728 3331 eum
754 3264 854 3328 instat
875 3263 977 3347 exiti’,
999 3265 1087 3331 Pers.
1103 3269 1178 3329 514:
1201 3266 1277 3331 ‘Ne-

154 3369 224 3452 sois,
247 3369 326 3453 quid
347 3375 380 3436 te
401 3370 500 3435 instet
521 3367 620 3434 boni’.
663 3367 780 3433 deinde
801 3366 884 3431 idem
908 3366 996 3432 valet
1024 3368 1109 3450 quod
1130 3368 1275 3434 ‘vexare’

152 3473 205 3537 vel
226 3471 365 3556 ‘urgere'
397 3472 488 3539 Cure.
512 3474 587 3536 376:
609 3470 650 3536 ‘si
674 3470 778 3553 magis
800 3488 852 3534 me
873 3468 1051 3534 instabunt’
1074 3469 1155 3557 (soil.
1176 3471 1276 3536 oredi-

153 3575 261 3658 tores).
312 3596 384 3642 oum
414 3574 600 3639 aoousativo
630 3573 691 3638 rei
720 3572 862 3637 iunctum
893 3572 953 3638 hoo
975 3573 1106 3639 verbum
1129 3574 1212 3640 redit
1234 3574 1278 3637 ad

154 3677 417 3761 significationem
448 3676 608 3742 ‘omnibus
630 3675 752 3740 viribus
774 3674 896 3758 aliquid
919 3675 1028 3759 agere'
1051 3677 1139 3760 apud
1165 3683 1275 3743 Tereo-

153 3788 225 3846 tiam
254 3779 368 3845 Heaut.
391 3781 468 3843 895:
498 3778 617 3862 ‘magis
647 3800 743 3843 unum
773 3778 873 3844 etiam
894 3778 1029 3862 instare,
1060 3784 1094 3844 ut
1116 3829 1125 3846 .
1146 3830 1153 3846 .
1175 3829 1183 3846 .
1205 3776 1222 3863 ’,
1244 3784 1275 3843 et
1387 3842 1389 3847 .

153 3889 276 3948 Novium
297 3901 328 3948 v.
349 3885 404 3946 61:
433 3881 546 3947 ‘instat
569 3882 805 3947 mercaturam'.
849 3882 938 3965 apud
960 3889 1099 3947 Plautum
1121 3880 1276 3946 aoousati-
1386 3900 1389 3953 3

152 4003 212 4048 rus
240 3984 286 4050 rei
313 3984 412 4050 semel
437 3989 562 4050 tantum
592 3984 754 4050 invenitur
779 3984 813 4048 in
843 3983 982 4048 formula
1011 3985 1112 4048 ‘viam
1141 3980 1275 4046 instare’

153 4087 241 4153 Asin.
257 4090 312 4150 54:
335 4087 480 4152 ‘Reotam
502 4086 604 4152 instas
627 4085 736 4166 viam',
757 4107 816 4171 pro
839 4105 902 4168 quo
925 4087 1055 4170 saepius
1069 4085 1155 4149 idem
1177 4087 1275 4166 poeta

154 4194 186 4254 et
217 4208 345 4274 semper
379 4195 534 4256 Terentius
563 4189 671 4255 dieunt
694 4211 702 4252 :
724 4188 884 4254 ‘insistere
919 4188 1007 4252 viam
1041 4186 1103 4250 iter
1133 4184 1275 4252 similia’.

241 4498 261 4563 ¹)
280 4494 315 4550 of.
334 4496 471 4565 Oorssen,
489 4494 640 4564 ausspr.ll
661 4498 719 4564 553,
736 4492 766 4547 11
785 4494 841 4546 132.
