2850 5002
1222 536 1262 598 1⁷

135 709 210 794 plex
238 705 418 771 accuratius
448 704 594 785 definiat,
623 702 749 769 dativus
772 704 916 786 sequitur
946 710 1046 768 Plout.
1069 702 1165 766 Poen.
1197 703 1211 766 Ι
1238 709 1264 783 1,
1318 734 1321 739 -

136 813 192 876 70:
214 809 306 874 ‘inest
329 805 447 872 amoris
471 807 597 870 macula
619 804 692 869 huic
714 803 834 869 homini
857 804 890 868 in
913 803 1058 889 pectore',
1080 805 1163 869 Men.
1188 806 1263 869 135:

135 911 244 990 ‘Heus
276 909 480 991 adulescens,
511 926 613 990 ecqua
636 907 669 971 in
699 907 781 970 istac
808 905 890 992 (scil.
917 906 1042 990 praeda
1064 905 1094 970 h.
1109 925 1136 970 e.
1157 903 1263 990 palla)

136 1033 213 1098 pars
234 1013 317 1077 inest
339 1012 464 1096 praemi
480 1009 602 1095 mihi‘l’,
645 1009 738 1093 Oapt.
754 1012 832 1074 250:
855 1008 1046 1074 ‘Memoriter
1067 1007 1264 1074 meminisse:

136 1116 220 1180 inest
242 1134 317 1198 spes
331 1112 423 1178 nobis
446 1112 479 1176 in
500 1112 562 1177 hac
578 1110 715 1178 astutia'.
759 1111 816 1177 sed
840 1111 921 1176 haec
944 1110 1089 1176 codicum
1107 1111 1264 1194 scriptura

138 1217 292 1282 mendosa
321 1220 382 1299 est,
411 1234 482 1279 cum
505 1233 545 1279 ea
568 1213 711 1278 admissa
735 1213 768 1277 in
791 1213 901 1296 quinto
924 1212 1006 1297 pede
1028 1212 1198 1296 legendum
1222 1212 1263 1276 sit

136 1322 288 1403 6611616,
318 1319 405 1402 quod
434 1315 502 1381 fieri
524 1336 588 1381 non
611 1321 725 1400 potest.
737 1315 761 1400 ¹)
805 1314 914 1397 itaque
946 1314 1177 1380 Fleckeisenus
1203 1321 1264 1379 tro·

137 1421 264 1487 6161666
294 1440 444 1485 numeros
470 1425 556 1484 recte
586 1419 632 1483 sic
662 1418 814 1484 restituit:
845 1418 1036 1483 ‘Memoriter
1065 1417 1264 1483 meminisse:

138 1530 187 1589 est
208 1523 302 1588 nobis
325 1543 398 1607 spes
429 1521 460 1585 in
485 1520 545 1586 hac
568 1520 705 1602 astutia’,
734 1519 850 1604 Amph.
875 1523 948 1585 144:
971 1522 1063 1584 ‘Tum
1086 1540 1157 1584 meo
1180 1520 1266 1604 patri

138 1633 246 1691 autem
269 1625 391 1690 torulus
413 1624 509 1689 inerit
532 1642 650 1688 aureus
674 1622 739 1687 Sub
763 1621 899 1706 potaso',
923 1629 1038 1702 Afrae.
1062 1644 1091 1688 v.
1114 1625 1189 1687 258:
1212 1621 1267 1686 ‘iu-

139 1728 311 1793 cunditatis
339 1726 412 1811 plus
439 1726 523 1792 inest
554 1726 587 1789 in
615 1731 646 1790 16
675 1723 771 1789 mihi'.
823 1724 932 1790 subest
959 1744 1035 1790 vero
1065 1725 1139 1789 huic
1168 1725 1276 1790 uerbo¹

139 1829 227 1895 notio
248 1828 455 1895 ‘inhaerendi'
485 1829 573 1913 apud
600 1835 724 1893 Novium
750 1848 779 1892 v.
805 1830 879 1892 106:
910 1826 993 1891 ‘huic
1019 1827 1149 1911 puellae
1175 1846 1267 1911 prae-

141 1933 251 2015 coquis
266 1932 366 1997 libido
381 1930 482 1997 inest’.
511 1930 707 2015 praepositio
723 1935 831 1994 autem
847 1929 1001 2013 repetitur
1016 1930 1101 2014 apud
1116 1930 1267 1995 Plautum

140 2036 325 2101 Terentium
353 2033 533 2098 Afranium.
577 2040 702 2099 Plautus
732 2051 772 2097 ea
802 2052 879 2096 usus
906 2037 954 2097 est
982 2031 1024 2097 ad
1052 2033 1156 2097 locum
1188 2032 1267 2097 indi·

141 2136 280 2202 candum
309 2134 390 2200 Rud.
424 2137 499 2199 458:
529 2134 569 2197 ‘in
599 2153 684 2216 aqua
715 2153 880 2217 nunquam
910 2133 1030 2198 credidi
1061 2134 1267 2219 Voluptatem

140 2237 247 2303 inesse
268 2237 416 2318 tantam’,
439 2235 514 2301 ibid.
539 2238 635 2301 1310:
666 2237 799 2318 ‘Ecquid
821 2236 995 2300 meministi
1022 2236 1053 2300 in
1077 2235 1186 2302 vidulo
1214 2237 1269 2319 qui

140 2341 236 2424 periit
252 2327 328 2421 quid
342 2339 388 2402 ibi
405 2337 574 2421 infueriti',
597 2337 672 2403 ibid.
690 2340 786 2402 1313:
808 2337 950 2403 ‘Numeri
972 2338 1163 2421 octingentis
1178 2339 1269 2406 aurei

139 2441 172 2505 in
195 2441 381 2525 marsuppio
397 2439 567 2505 infuerunt'
578 2439 613 2525 ²),
635 2439 711 2505 ibid.
730 2443 827 2505 1317:
850 2440 1030 2506 ‘Talentum
1047 2440 1173 2524 argenti
1189 2461 1270 2506 com-

139 2544 269 2608 modum
290 2563 440 2626 magnum
458 2542 562 2608 inerat
577 2543 610 2606 in
625 2542 778 2606 crumina’
802 2542 841 2608 cf.
856 2543 933 2608 ibid.
951 2545 1040 2626 1314,
1062 2542 1179 2608 Bacch.
1194 2545 1269 2609 941:

140 2646 209 2710 ‘hoc
230 2646 340 2710 insunt
361 2645 394 2709 in
417 2664 500 2728 equo
524 2643 640 2709 milites
662 2645 807 2728 Armati’,
837 2645 913 2709 ibid.
938 2648 1015 2709 733:
1038 2647 1111 2709 ‘iam
1134 2645 1270 2729 impera-

141 2753 208 2811 tum
230 2748 264 2810 in
287 2765 361 2811 ocra
384 2745 484 2829 inest',
512 2746 593 2812 Rud.
620 2748 771 2827 tostici:
793 2747 979 2831 ‘crepundia
1002 2747 1061 2811 Isti
1083 2750 1117 2810 in
1139 2746 1204 2810 ista
1228 2747 1270 2811 ci-

142 2849 226 2913 stula
247 2849 364 2928 insunt,
387 2868 471 2932 quae
490 2848 544 2913 isti
559 2849 642 2913 inest
663 2849 697 2912 in
712 2848 838 2931 ridulo’,
862 2848 938 2914 (list.
954 2849 999 2913 IV
1015 2851 1043 2931 2,
1066 2852 1122 2913 67:
1145 2847 1268 2912 ‘Mirum

143 2951 218 3032 quin
241 2970 319 3034 grex
346 2951 508 3016 venalium
538 2951 573 3015 in
595 2951 720 3016 cistella
744 2951 874 3015 infuerit
896 2951 979 3016 una'.
1023 2950 1061 3015 cs.
1084 2951 1218 3016 Poeni
1245 2954 1271 3035 1,

144 3057 182 3118 70
206 3060 238 3119 et
261 3055 343 3118 Men.
368 3056 427 3117 135
450 3054 515 3118 iam
545 3073 642 3137 supra
666 3054 800 3117 adlatos.
845 3053 962 3117 deinde
984 3061 1114 3119 Plautus
1136 3072 1270 3137 praepo-

142 3157 289 3222 sitionem
312 3157 362 3221 bis
385 3175 455 3220 cum
480 3155 623 3220 ablativo
644 3176 796 3236 pascuae
819 3156 994 3239 coniunxit,
1016 3175 1087 3220 cum
1111 3155 1151 3219 de
1175 3154 1270 3219 rebus

142 3264 177 3324 ut
206 3260 254 3324 ita
276 3259 381 3323 dicam
412 3259 545 3323 internis
573 3257 625 3343 (ef.
650 3255 760 3343 supra)
784 3257 891 3340 agitur
914 3277 997 3340 quae
1019 3258 1052 3322 in
1074 3256 1203 3321 homine
1226 3257 1271 3320 in-

143 3368 224 3444 sunt,
256 3361 371 3426 Pseud.
397 3364 490 3424 1109:
521 3360 597 3424 ‘Nec
619 3359 693 3422 boni
720 3360 829 3442 ingeni
859 3360 1031 3442 quicquam
1064 3359 1096 3423 in
1119 3359 1147 3423 is
1170 3357 1270 3440 inest',

143 3464 207 3529 Mil.
230 3466 307 3528 632:
335 3463 429 3528 ‘inest
457 3464 491 3527 in
521 3461 580 3526 hoc
608 3461 689 3546 (scil.
719 3461 753 3525 in
776 3461 869 3548 sone)
899 3463 1092 3526 emussitata
1122 3480 1182 3525 sua
1209 3459 1269 3524 sibi

143 3563 282 3645 ingenua
303 3563 446 3629 indoles’.
474 3564 588 3629 eodem
622 3563 715 3628 modo
741 3570 900 3630 Terentius
921 3563 1191 3648 praepositionem
1214 3562 1270 3625 ad-

144 3663 246 3729 hibuit
268 3665 383 3748 Hecyr.
406 3667 482 3748 326,
509 3684 602 3747 quem
625 3685 752 3730 versum
783 3666 920 3730 editores
950 3673 1034 3730 recte
1064 3665 1111 3729 sic
1137 3663 1270 3748 seripse-

143 3765 267 3852 runt:³)
290 3767 382 3833 ‘Nam
406 3768 431 3832 si
460 3767 613 3852 periclum
637 3768 735 3832 ullum
759 3768 956 3849 istcinest,
987 3769 1111 3852 perisse
1132 3785 1183 3832 me
1205 3784 1269 3831 una

144 3869 232 3934 band
247 3869 427 3952 dubiumst,
443 3870 577 3953 Adelph.
593 3871 669 3935 821:
684 3870 795 3934 ‘Multa
810 3870 843 3934 iu
858 3870 997 3952 homins,
1019 3869 1153 3947 Demea,
1169 3868 1270 3951 Signa

143 3973 260 4055 insunt,
283 3991 323 4038 ex
346 3971 460 4054 quibus
483 3972 665 4037 coniectura
688 3973 783 4037 facile
806 3971 840 4036 fit
862 3971 947 4055 sqq’,
969 3971 1045 4036 ibid.
1069 3973 1147 4035 826:
1169 3968 1270 4047 ‘Quae

144 4074 187 4159 (h.
209 4095 236 4143 6.
259 4077 352 4160 signa
382 4075 422 4140 de
444 4074 558 4157 quibus
587 4075 620 4138 in
649 4073 912 4140 antecedentibus
934 4074 1054 4158 agitur)
1082 4092 1141 4156 ego
1163 4072 1270 4136 inesse

233 4247 253 4311 ¹)
271 4243 304 4299 cf.
322 4243 397 4297 Brix.
416 4242 504 4312 praef.
521 4243 549 4296 in
568 4242 646 4297 Trin.
664 4259 691 4311 p.
713 4247 742 4296 13
753 4257 814 4311 sqq.

230 4331 253 4396 ²)
271 4329 312 4384 sic
329 4327 510 4384 hunc-locum
528 4328 699 4383 Ritschelius
718 4326 832 4396 scripsit
849 4342 946 4396 opusc.
964 4326 1007 4380 Ill
1024 4342 1051 4395 p.
1073 4329 1128 4379 133.

231 4414 253 4479 ⁸)
270 4412 300 4467 in
318 4408 348 4468 A
370 4412 444 4468 enim
462 4414 573 4469 omissis
590 4430 652 4470 roc.
670 4413 699 4467 in
717 4417 744 4467 te
765 4427 897 4482 perverse
920 4412 1033 4480 legitur:
1056 4413 1133 4465 ‘nam
1152 4409 1176 4465 si
1194 4407 1267 4477 perl-

149 4497 241 4552 culnm
259 4498 346 4553 ullum
364 4498 436 4569 sqq?

1050 4602 1066 4651 2
