2850 5002
143 642 238 706 modo
260 662 295 708 se
317 642 447 726 habeat,
477 662 517 709 ex
540 644 697 728 exemplis
718 643 803 710 infra
826 646 939 730 positis
966 646 1062 712 facile
1084 647 1266 731 adparebit:

143 753 277 812 odoacro
314 746 411 829 igitur
441 753 549 812 accido
580 754 624 813 od
655 755 774 828 aliquid
808 747 894 813 idern
925 750 1034 815 valent
1071 750 1157 832 quad
1187 752 1266 815 ‘cur-

143 847 242 912 rendo
272 847 417 913 cadendo
448 847 494 932 fit,
532 855 567 913 ut
604 848 646 914 ad
675 849 798 932 aliquid
829 850 964 933 adsim’;
1001 852 1116 917 deinde
1153 858 1266 920 accubo

144 957 296 1016 adhaereo
327 957 413 1016 adsto
444 958 487 1017 ad
515 958 633 1031 attonio
664 952 711 1016 sie
742 951 877 1018 redeunt
906 953 948 1018 ad
970 954 1050 1020 illud
1075 954 1202 1019 ‘adsum
1225 955 1267 1020 ad

144 1051 267 1134 aliquid
277 1050 292 1135 ’,
314 1058 356 1136 ut,
379 1069 443 1135 qua
459 1054 532 1135 quis
546 1060 654 1118 utatur
669 1055 862 1137 condicione,
884 1055 1025 1121 indicent
1043 1061 1075 1121 et
1090 1056 1268 1140 significent

144 1161 309 1237 tamquam
325 1155 459 1220 ‘cubans
475 1155 612 1222 haerens
629 1163 718 1222 stans
733 1157 847 1222 adsum
863 1157 906 1223 ad
922 1157 1067 1242 aliquid’.
1095 1159 1267 1225 transitiva

144 1262 252 1322 autem
275 1259 370 1339 quasi
392 1278 449 1341 pro
471 1257 626 1324 factitivis
649 1260 701 1325 vel
724 1261 957 1325 causativis-
978 1261 1005 1326 si
1029 1260 1078 1326 his
1100 1261 1266 1327 vocabulis

145 1359 192 1422 uti
220 1359 294 1424 licet
315 1397 358 1407 -
379 1360 469 1426 verbi
498 1361 692 1427 substantivi
722 1362 873 1428 habenda
904 1383 976 1429 csse
1006 1362 1082 1429 mihi
1111 1364 1268 1448 videntur,

145 1461 264 1547 quippe
287 1481 372 1545 quae
395 1461 588 1546 significent:
619 1463 754 1547 ‘facere
784 1470 819 1528 ut
847 1465 973 1547 aliquid
1002 1465 1046 1530 ad
1074 1465 1197 1548 aliquid
1227 1465 1268 1530 sit

145 1563 199 1628 vel
223 1563 331 1630 adsit)
369 1565 495 1647 itaque,
525 1570 561 1629 ut
583 1566 730 1650 exemplo
752 1566 794 1630 ab
816 1567 943 1650 Ignatio
966 1568 1076 1633 adlato
1099 1574 1184 1653 utar,
1213 1575 1269 1634 ad-

146 1673 222 1733 daco
253 1690 338 1733 ream
370 1675 412 1734 ad
441 1672 578 1733 tribunal
604 1667 684 1732 nihil
715 1667 804 1732 aliud
833 1668 990 1752 significat
1024 1670 1085 1735 nisi
1113 1670 1269 1736 ‘ducendo

145 1767 256 1852 efficio,
279 1775 313 1834 ut
336 1789 409 1835 reus
432 1768 476 1834 ad
490 1770 631 1834 tribunal
654 1769 762 1834 adsit'.
805 1790 891 1854 quae
914 1791 985 1835 cum
1008 1772 1054 1836 ita
1070 1772 1142 1856 sint,
1165 1776 1207 1838 ab
1229 1773 1269 1837 iis

145 1891 229 1953 quae
255 1892 327 1936 cum
350 1871 447 1937 verbo
469 1890 540 1941 esse
561 1873 739 1956 composita
755 1879 828 1937 sunt
843 1873 969 1937 initium
989 1875 1130 1958 capiam;
1153 1875 1270 1941 deinde

145 1979 177 2039 et
200 1974 239 2040 de
262 1973 454 2040 incohativis
486 1975 579 2039 huius
602 1974 691 2040 verbi
713 1981 745 2040 ct
767 1975 806 2040 de
829 1976 877 2054 iis,
900 1995 984 2060 quae
1007 1976 1176 2041 turmulam
1199 1976 1269 2041 ‘ad-

146 2097 215 2141 sum
254 2077 296 2140 ad
328 2076 466 2160 aliquid’
502 2077 681 2142 accuratius
718 2077 888 2162 deliniunt,
926 2079 1097 2163 disseram3
1134 2079 1270 2161 denique

146 2178 185 2243 de
216 2179 344 2245 relicuis
373 2178 480 2244 verbis
510 2179 721 2243 intransitivis
744 2178 787 2243 ad
817 2198 887 2249 esse
913 2181 1045 2246 verbum
1068 2183 1119 2246 vel
1151 2182 1193 2245 ad
1215 2181 1271 2245 ali-

146 2280 233 2362 quod
248 2281 317 2346 eius
339 2281 551 2365 compositum
568 2281 774 2347 redeuntibus
790 2301 896 2365 agam.
928 2283 1031 2367 prim0
1047 2282 1145 2365 igitur
1164 2283 1270 2366 capite

146 2400 216 2451 esse
246 2382 334 2447 verbi
361 2383 555 2467 composita,
588 2383 690 2449 altero
723 2388 754 2448 et
785 2404 826 2449 ea
857 2384 891 2448 in
922 2384 1038 2466 quibus
1068 2383 1153 2448 inest
1182 2381 1269 2448 notio

146 2485 408 2569 ‘contingenda
431 2492 487 2549 aut
509 2484 817 2570 ‘adpropinquandi'
839 2487 892 2551 vel
912 2484 1153 2568 ‘coniungendi’
1176 2490 1208 2551 et
1229 2504 1269 2550 ea

147 2608 231 2673 quae
246 2588 296 2653 his
316 2588 479 2654 contraria
503 2595 576 2653 sunt
591 2588 793 2654 enumerabo.
837 2588 953 2671 quibus
976 2588 1074 2654 verba
1089 2607 1161 2652 curn
1183 2588 1270 2653 ‘ante

147 2697 179 2758 ct
212 2690 304 2775 prae’
334 2690 626 2775 praepositionibus
656 2692 834 2775 composita
868 2691 1061 2775 adiungam,
1094 2689 1128 2754 in
1156 2689 1271 2772 quibus

146 2795 230 2860 inest
252 2794 503 2878 comparationis
532 2793 697 2859 cuiusdam
727 2794 823 2859 notia.
866 2813 943 2859 nam
971 2814 1043 2859 curn
1072 2793 1271 2877 comparatio

146 2896 214 2962 fieri
237 2902 377 2979 nequeat
399 2896 461 2961 nisi
484 2897 546 2979 sic,
572 2903 607 2961 ut
630 2896 714 2962 duae
745 2915 905 2980 personae
936 2897 1004 2961 sive
1031 2915 1083 2961 res
1105 2900 1162 2959 aut
1190 2895 1273 2960 inter

149 3019 182 3065 se
206 2999 440 3083 coniungantur
469 3004 528 3064 aut
551 2999 612 3064 sibi
635 3004 854 3082 opponantur,
884 2997 1115 3062 dilucidissime
1137 2997 1273 3081 adparet

149 3122 221 3168 eum
237 3101 382 3166 dativum
397 3100 452 3184 qui
474 3100 524 3165 his
538 3100 646 3165 verbis
661 3100 799 3164 adicitur
820 3100 1005 3164 universam
1030 3098 1147 3164 habere
1162 3097 1270 3181 vim.²)

149 3204 242 3270 tertio
279 3203 384 3286 capite
416 3203 456 3268 de
487 3203 614 3269 relicuis
645 3202 752 3267 verbis
784 3202 947 3285 disputare
982 3201 1078 3284 volui,
1108 3220 1127 3266 c
1158 3198 1272 3281 quibus

149 3307 305 3393 pleraque
327 3305 461 3370 redeunt
483 3304 527 3370 ad
549 3304 710 3369 notionem
734 3303 940 3368 ‘auxiliandi'
961 3304 1013 3369 vel
1036 3301 1199 3368 ‘nocendi’
1216 3306 1273 3365 aut

150 3409 278 3473 omnino
301 3406 493 3491 significante
515 3406 672 3490 ‘aliquem
696 3406 794 3470 alicui
809 3406 945 3470 amicum
969 3406 1022 3471 rel
1036 3404 1201 3470 inimicum
1217 3409 1274 3469 aut

152 3510 323 3595 propitium
346 3511 398 3575 vel
420 3510 565 3593 iniquum
581 3507 673 3575 esse'
717 3528 799 3590 quae
821 3507 921 3572 verba
936 3508 1123 3591 plerumque
1145 3506 1275 3572 dativus

151 3613 255 3697 queml
276 3613 404 3697 proprie
435 3613 571 3677 dicimus
594 3610 752 3677 commodi
775 3610 827 3676 vel
849 3610 1057 3690 incommodi,
1086 3629 1160 3675 raro
1183 3628 1275 3675 accu-

151 3715 288 3797 sativus,
317 3731 491 3798 numquam
514 3712 713 3799 praepositio
737 3713 888 3795 sequitur.
932 3712 990 3777 sed
1012 3732 1083 3777 cum
1105 3712 1273 3777 materiam

151 3817 233 3883 adeo
249 3817 362 3900 augeri
386 3816 537 3902 viderem,
559 3824 593 3882 ut
609 3835 744 3899 vererer,
766 3834 807 3880 nc
826 3814 1027 3898 inauguralis
1043 3811 1274 3880 dissertationis

151 3957 355 3968 ...—

239 4023 259 4092 1)
277 4019 312 4077 cf.
329 4021 420 4090 Ignat.
438 4036 466 4089 p.
480 4024 503 4074 7.

237 4110 259 4174 ²)
278 4106 360 4161 huius
388 4105 476 4160 dativi
498 4105 541 4160 vis
566 4104 656 4174 qualis
682 4105 731 4174 sit,
752 4103 903 4160 Lehmann.
928 4114 966 4172 (p.
980 4104 1024 4167 61)
1048 4098 1206 4155 accuratius
1228 4114 1274 4152 ex-

151 4195 255 4265 posuit.
272 4223 306 4234 -
324 4191 405 4247 vides
421 4195 514 4245 antem
536 4189 580 4244 his
597 4190 693 4245 verbis
710 4205 766 4244 non
784 4203 887 4244 meram
905 4185 1021 4255 exprimi
1040 4183 1274 4253 comparationem

152 4287 184 4335 ut
201 4278 295 4334 verbis
314 4283 482 4347 ‘comparare
500 4291 669 4346 componere
681 4273 824 4342 conferre’,
842 4273 894 4328 sed
911 4273 981 4325 duas
999 4285 1044 4324 res
1063 4270 1123 4325 sive
1136 4284 1274 4340 personas

152 4366 192 4419 ita
208 4369 317 4418 tantum
336 4364 390 4419 sibi
408 4362 521 4432 opponi,
540 4367 580 4431 nt,
598 4360 653 4415 utri
671 4375 765 4416 earum
783 4358 876 4428 palma
897 4355 1048 4412 tribuenda
1066 4356 1110 4427 sit,
1129 4354 1212 4410 facile
1229 4370 1274 4410 co·

152 4453 313 4519 gnoscatnr.
