2850 5002
215 490 255 549 20

214 674 276 718 nun
308 652 477 737 pertineat.
529 652 644 717 Heaut.
673 654 748 719 973:
778 653 879 732 ‘Quae
908 654 1002 718 istest
1031 654 1176 738 pravitas
1207 651 1340 730 Quaeve

213 755 394 838 amentiast‚
423 753 509 835 quod
531 756 661 837 peceavi
683 775 754 839 ego,
783 756 816 820 id
838 756 951 822 obesse
973 754 1093 840 huie?’‚
1116 762 1187 822 Ace.
1211 777 1241 821 v.
1266 759 1339 822 110:

213 858 341 941 ‘quibus
370 862 489 920 natura
519 876 622 941 prava
644 857 749 942 magis
772 877 869 940 quam
899 858 965 923 fors
988 863 1044 922 eut
1065 857 1193 922 fortuna
1216 856 1335 924 obfuit’.

213 961 325 1025 dativo
347 967 396 1025 rei
418 964 527 1023 autem
550 978 644 1023 nemo
668 979 744 1025 usus
767 967 823 1025 est.

299 1066 326 1126 7.
371 1062 517 1154 Praeeese
539 1057 614 1146 (Pl.)
644 1063 744 1127 semel
774 1082 844 1127 eum
875 1063 985 1127 dativo
1013 1063 1153 1127 iunetum
1181 1062 1339 1147 reperitur

213 1164 300 1251 apud
315 1171 455 1229 Plautum
475 1161 591 1247 Amph.
606 1164 685 1248 prol.
702 1169 757 1230 11:
779 1165 880 1230 ‘Nam
896 1185 955 1230 vus
978 1164 1104 1247 quidem
1121 1163 1154 1229 id
1169 1163 1234 1228 iam
1250 1164 1338 1228 eritis

213 1286 396 1333 eoncessum
427 1272 458 1331 et
487 1266 597 1331 datum
629 1268 673 1331 Mi
703 1287 773 1333 esse
804 1267 844 1332 ab
867 1268 917 1332 dis
940 1267 1021 1349 aliis,
1047 1268 1167 1332 nuntiis
1196 1266 1338 1352 praesim

212 1377 244 1437 et
264 1368 367 1435 luero’
390 1366 544 1455 (loquitur
566 1369 763 1455 Mercurius).

298 1474 325 1537 8.
370 1472 520 1541 Prodesse
534 1470 651 1558 (Naeu
673 1471 720 1538 Pl.
740 1472 834 1538 Caes.
850 1471 941 1559 Ter):
964 1480 1056 1539 Naev.
1079 1491 1157 1537 cum.
1180 1470 1216 1538 fr.
1239 1492 1268 1537 v.
1284 1473 1337 1537 37:

212 1574 501 1657 ‘diuvivat7010,
530 1574 574 1639 Ut
597 1571 674 1637 mihi
695 1575 848 1658 prodesse
877 1573 1009 1658 possit'‚
1039 1581 1140 1640 Plaut.
1171 1573 1259 1639 Trin.
1283 1575 1336 1637 34:

211 1676 399 1759 ‘Nimioque
420 1674 473 1741 hie
494 1675 595 1760 pluris
617 1676 805 1759 pauciorum
827 1677 967 1759 gratiam
982 1676 1119 1741 Faciunt
1140 1696 1218 1762 pare
1239 1675 1338 1740 homi-

211 1800 287 1844 num
311 1797 408 1861 quam
430 1778 464 1842 id
487 1778 572 1861 quod
601 1780 726 1862 prosint
748 1778 915 1862 pluribus'.
959 1777 1059 1861 ‘quod
1081 1777 1219 1863 prosint’
1250 1777 1336 1842 enirn

213 1882 365 1965 seriptum
387 1886 437 1945 est
459 1880 491 1945 in
515 1880 678 1945 eodieibus
700 1879 785 1967 (curn
809 1882 863 1966 A),
887 1882 974 1963 quod
996 1880 1172 1945 vindicavit
1194 1878 1338 1945 Ritsehe

211 1984 275 2049 lius
289 2003 362 2048 nov.
384 2002 451 2048 exe
472 1984 488 2047 Ι
510 2002 540 2065 p.
556 1984 606 2048 58.
650 1982 707 2048 sed
731 2003 794 2048 non
817 1989 875 2067 est,
898 2002 953 2048 sur
975 2002 1046 2048 eum
1062 1981 1235 2048 Ritsehelio
1257 1982 1335 2047 illud

212 2085 321 2170 ‘quod’
344 2105 402 2168 pre
425 2084 567 2150 ablativo
590 2084 778 2169 habeamus²
800 2086 897 2151 inuno
918 2086 998 2150 illud
1020 2085 1118 2167 ‘qued
1140 2085 1275 2170 prosint’
1298 2084 1337 2149 si-

212 2188 328 2253 militer
359 2187 477 2252 dietum
502 2207 574 2253 esse
604 2195 700 2271 atque
723 2188 773 2253 ‘id
794 2188 873 2252 illud
896 2207 1025 2272 prosum
1048 2186 1186 2272 (neeeob'
1210 2186 1337 2253 demon·

212 2291 327 2356 stravit
341 2289 469 2354 Brixius
489 2290 531 2354 ad
554 2287 583 2354 h.
599 2291 618 2354 l.
664 2290 785 2356 Cistell.
799 2290 845 2356 IV
868 2293 896 2377 2,
912 2294 966 2355 75:
989 2289 1059 2354 ‘tibi
1075 2309 1159 2355 nune
1173 2288 1336 2375 proderit',

213 2393 287 2459 Cas.
312 2393 391 2477 prol.
422 2394 478 2457 20:
509 2390 579 2457 ‘sed
607 2397 716 2456 tamen
746 2392 897 2458 absentes
929 2398 1062 2476 prosunt
1091 2390 1335 2477 praesentibus',

213 2495 294 2561 Rud.
317 2497 391 2560 219:
422 2495 547 2576 ‘Neque
570 2493 742 2577 quiequam
765 2514 917 2577 umquam
948 2494 976 2559 is
999 2502 1033 2560 id
1053 2494 1185 2578 profuit,
1214 2494 1268 2577 qui
1290 2514 1335 2559 me

213 2598 272 2665 sibi
289 2595 487 2681 eduxerunt,
503 2595 579 2661 ibid.
591 2598 667 2662 688:
689 2594 783 2673 ‘Quid
798 2597 899 2662 istaes
914 2617 973 2662 ara
989 2596 1147 2662 Prodesse
1161 2596 1253 2662 nobis
1264 2604 1337 2678 plus

211 2707 330 2785 potest,
359 2719 454 2782 quam
485 2698 611 2782 signum
641 2698 674 2761 in
696 2698 773 2763 fano
796 2698 848 2763 his
869 2698 984 2783 intus’‚
1014 2701 1106 2785 Capi.
1130 2702 1205 2764 315:
1235 2697 1336 2763 ‘Bene

213 2803 348 2868 merenti
370 2802 451 2867 bene
473 2802 627 2886 profuerit
649 2803 735 2867 male
757 2804 891 2869 merenti
914 2823 973 2887 par
995 2803 1069 2869 erit’
1093 2802 1131 2868 ef.
1155 2802 1245 2888 Oapt.
1266 2805 1337 2867 554.

213 2907 273 2969 773
303 2904 418 2989 Amph.
454 2906 515 2968 812
545 2907 639 2970 True.
661 2904 706 2969 IV
729 2908 757 2989 4,
787 2908 828 2970 22
858 2904 922 2969 Mil.
945 2908 1007 2970 892
1035 2904 1150 2971 Bacch.
1175 2907 1243 2969 135.
1273 2905 1335 2968 632

212 3008 293 3072 Men.
316 3008 387 3071 ete.
410 3008 486 3089 982;
517 3013 625 3073 caecil.
649 3027 677 3071 7.
701 3008 776 3091 210,
806 3027 902 3090 quem
923 3026 1051 3073 versum
1073 3026 1143 3071 eum
1159 3004 1335 3071 Ribbeekie

211 3110 298 3193 lego:
321 3108 420 3174 ‘Serit
443 3107 575 3173 arbores
597 3127 682 3191 quae
704 3108 796 3174 alteri
818 3110 924 3174 saeclo
945 3109 1069 3194 prosint
1077 3108 1094 3192 ',
1122 3115 1240 3176 Terent.
1256 3109 1337 3174 Eun.

211 3213 282 3276 ase.
305 3214 376 3277 sss.
408 3214 485 3275 1071
523 3210 637 3295 uesyr.
669 3213 739 3274 742.
763 3213 833 3276 ras.
857 3195 918 3277 875
948 3211 1046 3279 unu.
1076 3214 1148 3277 677.
1191 3210 1335 3275 nauum

211 3312 272 3379 rei
301 3331 459 3395 nusquam
490 3332 560 3376 num
589 3312 648 3377 hoe
670 3312 767 3378 verbo
790 3314 877 3397 apud
900 3319 1025 3379 veteres
1051 3317 1165 3397 poetas
1188 3314 1334 3378 eoniune-

211 3422 276 3480 turn
300 3416 417 3481 inveni.

297 3522 324 3583 9.
367 3520 500 3589 subesse
522 3516 606 3605 (Pb),
630 3517 714 3600 quod
737 3517 792 3583 ubi
816 3538 886 3583 eum
911 3517 1019 3582 dativo
1042 3517 1243 3602 coniungitur
1265 3537 1335 3603 pre

211 3621 281 3706 pria
295 3626 386 3686 nutat
408 3621 542 3705 ‘aliquid
558 3621 656 3686 alieui
679 3620 725 3685 rei
741 3620 835 3703 quasi
857 3620 1066 3686 fundamento
1079 3619 1102 3706 ¹)
1122 3619 1213 3702 esse’‚
1236 3621 1334 3685 semel

211 3743 232 3788 a
252 3724 366 3787 Plauto
389 3744 459 3788 eum
483 3727 541 3790 hoe
563 3744 641 3789 easu
663 3724 867 3806 coniungitur
889 3724 981 3789 True.
1004 3724 1035 3787 u
1060 3727 1088 3807 7,
1112 3726 1149 3787 17
1173 3722 1219 3807 (ΙΙ
1243 3726 1270 3807 7,
1295 3724 1333 3786 19

211 3826 261 3891 ed.
283 3824 460 3911 Spengel),
483 3845 577 3909 quem
602 3846 728 3891 versum
753 3846 824 3890 eum
847 3825 1018 3910 Spengelio
1041 3825 1113 3910 (sed
1136 3823 1333 3908 dubitanter)

210 3928 256 3993 sie
291 3928 378 4011 lege:
407 3927 490 3992 ‘Huc
517 3927 598 4014 (scil.
628 3928 731 4013 mare)
762 3929 876 3993 saltem
909 3932 1017 3993 serrat
1038 3950 1101 3994 rem
1116 3952 1126 3993 .·
1141 3950 1228 4008 quom
1238 3926 1264 4012 ²)
1286 3926 1334 3991 illi

210 4031 319 4096 subest
351 4029 509 4115 adparet'.
554 4030 610 4095 sed
635 4029 741 4112 qualis
764 4030 804 4094 sit
827 4030 1056 4095 sententiarum
1084 4047 1197 4112 nexus,
1222 4029 1336 4113 paueis

210 4134 434 4218 explieandum
450 4138 508 4200 est.
547 4138 713 4217 eomparat
728 4133 825 4216 igitur
840 4137 938 4219 poeta
953 4131 1150 4198 meretrieem
1165 4149 1236 4195 eum
1252 4129 1333 4194 mari

300 4372 320 4437 ¹)
337 4370 372 4426 ef.
390 4371 480 4439 Ignat
497 4386 526 4440 p.
544 4375 568 4425 8.

295 4458 318 4523 ²)
336 4455 365 4509 in
383 4456 432 4511 BD
453 4456 514 4513 sine
533 4471 618 4512 sensu
635 4460 692 4511 est:
710 4456 818 4525 ‘mecu'‚
834 4454 864 4509 in
882 4456 904 4513 C
922 4453 1055 4510 ‘meeumt
