2850 5002
1202 556 1238 617 31

121 726 184 790 seis
214 731 248 789 ut
278 723 461 789 convenerit
489 722 571 807 (scil.
601 723 682 786 inter·
711 721 796 809 nos),
829 721 919 807 Capt.
950 724 1026 789 378:
1059 723 1166 787 ‘Nune
1195 723 1241 785 ita

121 827 268 892 convenit
289 827 371 890 inter
393 845 444 890 me
467 831 564 907 atque
587 825 682 906 hunc,
714 824 881 908 Tyndare’
904 824 941 890 es.
963 824 1039 888 ibid.
1062 827 1119 888 384
1146 822 1242 889 Stich.

122 933 184 994 686
221 927 292 994 Cas.
315 929 347 992 H
376 931 409 1010 3,
438 930 477 991 56
512 926 627 1011 Amph.
650 929 721 991 225.
751 929 811 990 853
848 927 963 993 Ρ6666.
989 930 1078 993 1660.
1128 946 1168 991 err
1194 926 1243 989 his

120 1032 218 1114 igitur·
239 1030 394 1114 exemplis
417 1030 637 1113 cognoscimus
660 1029 745 1113 apud
768 1029 918 1093 Plautum
940 1030 1023 1094 duas
1044 1028 1138 1094 huius
1153 1029 1241 1094 verbi

122 1134 371 1198 constructiones
393 1141 503 1199 extare
525 1138 581 1197 aut
605 1133 666 1197 ‘res
689 1131 767 1195 mihi
790 1133 938 1198 convenit
957 1152 1029 1196 cum
1045 1131 1169 1215 aliquo’
1191 1131 1243 1196 vel

122 1237 186 1300 ‘res
218 1235 365 1301 convenit
398 1237 480 1302 inter
512 1236 592 1300 duos
626 1234 781 1300 lromines’
818 1241 874 1299 aut
905 1234 999 1299 ‘mibi
1031 1255 1102 1300 cum
1134 1235 1241 1317 aliquo

122 1338 281 1403 eonvenit'
311 1338 363 1404 vel
393 1339 555 1404 ‘convenit
577 1338 659 1402 inter
681 1336 761 1402 duos
784 1335 952 1416 homines’,
982 1339 1040 1402 sed
1066 1356 1242 1419 numquam

121 1441 194 1523 ‘ego
225 1461 296 1505 cum
327 1441 435 1522 aliquo
466 1438 641 1505 convenio’.
686 1441 794 1523 ltaque
825 1439 912 1505 Trin.
935 1442 996 1503 569
1027 1440 1068 1503 de
1098 1439 1242 1504 codicum

122 1543 293 1626 scriptura:
316 1544 377 1607 ‘De
393 1542 467 1608 dote
482 1561 605 1608 mecum
623 1544 792 1607 convenire
807 1542 852 1607 nil
867 1541 971 1626 potes’
986 1552 1070 1608 recte
1086 1541 1244 1608 dubitavit

120 1645 187 1708 iam
209 1645 376 1709 Acidalius
399 1645 454 1728 qui
475 1646 624 1711 coniecit:
657 1644 719 1709 ‘De
749 1645 823 1710 dote
852 1665 977 1710 mecum
1007 1644 1169 1710 conveniri
1199 1645 1245 1709 nil

121 1745 246 1830 potest’.
290 1748 394 1831 magis
428 1748 497 1812 sine
530 1747 627 1812 dubio
660 1747 810 1813 Plautino
845 1747 983 1813 sermoni
1016 1747 1244 1812 convenienter

122 1849 322 1915 adsentiente
343 1849 517 1915 Ritsohelio
539 1850 665 1934 scripsit
683 1849 925 1915 Fleckeisenus:
949 1850 1011 1914 ‘De
1026 1848 1100 1915 dote
1116 1869 1241 1915 mecum

122 1952 286 2017 conveniri
309 1954 353 2017 nil
375 1951 483 2037 potis'.
526 1953 585 2016 sed
608 1953 774 2035 passivum
798 1951 999 2032 ‘conveniri',
1021 1953 1141 2038 quippe
1159 1953 1245 2035 quod

122 2053 184 2118 bac
200 2054 288 2119 verbi
304 2054 535 2136 significatione
550 2072 708 2135 nusquam
725 2054 804 2120 alibi
819 2056 906 2138 apud
917 2054 1068 2119 Plautum
1080 2054 1246 2138 legeretur,

122 2155 311 2220 iamdudum
334 2156 529 2239 improbavit
550 2154 742 2238 Spengelius
764 2157 814 2240 (Τ.
830 2157 870 2220 M.
884 2155 989 2220 Plaut.
1011 2157 1027 2220 I
1049 2178 1080 2241 p.
1095 2158 1164 2242 40),
1192 2157 1246 2239 qui

124 2256 266 2341 scripsit:
290 2259 350 2323 ‘De
365 2258 439 2323 dete
455 2279 579 2323 mecum
596 2258 766 2323 convenire
781 2258 827 2322 nil
848 2257 981 2342 potest’:
1004 2259 1038 2324 id
1060 2259 1146 2341 quod
1167 2259 1246 2322 mibi

122 2359 283 2443 probatur.
326 2380 385 2425 666
407 2381 483 2426 vero
512 2382 597 2427 nunc
626 2361 756 2427 difficile
785 2366 833 2427 est
855 2360 1010 2426 iudicium
1033 2360 1073 2426 de
1095 2361 1245 2426 Pseudoli

123 2481 217 2526 versu
242 2467 317 2549 544,
347 2464 401 2546 qui
423 2464 469 2528 sic
491 2465 524 2528 in
547 2465 709 2529 codicibus
734 2462 865 2546 legitur:
887 2462 935 2527 ‘si
958 2484 1068 2528 sumus
1090 2464 1247 2550 compecti

124 2583 180 2629 seu
202 2566 370 2630 consilium
394 2586 535 2649 unquam
559 2567 689 2632 iniimus
713 2564 802 2653 (543)
825 2568 874 2630 De
896 2566 979 2630 istac
1008 2585 1042 2632 re
1070 2573 1127 2632 aut
1156 2567 1246 2631 side

124 2683 164 2730 ea
179 2686 213 2731 re
229 2687 381 2750 umquam
396 2669 478 2734 inter
493 2690 551 2734 nos
573 2668 792 2734 convenimus’
815 2667 915 2755 (544),
936 2668 999 2733 nisi
1014 2669 1099 2752 quod
1121 2669 1247 2735 ‘conre-

124 2767 265 2833 niamus’
288 2769 321 2833 in
336 2771 421 2835 BOD
444 2772 613 2838 invenitur.
656 2771 851 2837 Ritsohelius
874 2772 1029 2856 (prolegg.
1045 2793 1075 2856 p.
1092 2771 1246 2856 CXXXI)

126 2873 343 2937 consentiente
365 2875 521 2939 Lorenzio
544 2875 632 2959 (adn.
655 2874 722 2940 crit.
745 2894 775 2958 p.
798 2872 874 2959 268)
898 2879 930 2939 66
951 2873 1163 2939 Fleckeiseno
1179 2893 1247 2938 ver-

125 2993 194 3038 sum
226 2974 406 3059 damnavit,
437 2996 508 3041 cum
540 2977 762 3042 “manifestum
786 2982 872 3042 esset
900 2996 971 3041 eum
996 2995 1014 3041 6
1036 2976 1133 3041 meris
1153 2977 1248 3041 inter-

123 3077 333 3161 pretamentis
362 3086 527 3144 consutum
557 3098 644 3145 csse:
677 3099 753 3143 nam
784 3086 815 3144 66
848 3098 997 3143 numeros
1025 3079 1183 3161 refragari
1216 3085 1248 3143 et

123 3179 268 3264 linguam
305 3186 336 3245 et
373 3183 566 3247 sententiam
602 3187 634 3247 et
670 3202 746 3247 vero
784 3201 934 3246 versuum
976 3182 1245 3265 computationem

124 3281 303 3367 deperditis
320 3285 515 3349 membranis
528 3284 826 3369 comprehensorum
838 3284 1083 3350 Ambrosianis‘t
1112 3284 1248 3367 adparet

128 3391 236 3450 autem
258 3385 319 3451 boo
340 3407 435 3452 versu
458 3388 577 3452 omisso
600 3386 681 3450 nihil
704 3385 891 3470 desiderari,
922 3387 978 3451 sed
1000 3386 1108 3451 nescio
1130 3385 1249 3451 anille

126 3504 197 3548 eum
225 3487 397 3571 Spengelio
427 3489 461 3575 (l.
484 3488 523 3576 c.)
546 3496 579 3555 et
601 3488 798 3572 Kiesslingio
821 3487 936 3574 (symb.
958 3487 1068 3572 philol.
1089 3490 1248 3554 Bonnens.

125 3605 156 3669 p.
180 3588 254 3667 831)
285 3590 331 3654 sic
359 3591 574 3657 restituendus
603 3594 660 3657 sit:
693 3592 756 3656 ‘De
784 3590 867 3656 istac
897 3609 931 3654 re
962 3599 1018 3655 aut
1040 3591 1068 3654 si
1090 3591 1130 3655 de
1152 3609 1192 3655 ea
1214 3609 1248 3655 re

127 3707 278 3768 umquam
301 3691 382 3756 inter
404 3713 463 3757 nos
486 3694 661 3759 convenit’:
683 3713 759 3757 nam
782 3692 841 3757 hao
863 3694 1047 3758 coniectura
1069 3699 1201 3777 recepta
1216 3700 1248 3758 et

128 3790 256 3855 iambici
279 3796 401 3859 numeri
423 3797 631 3860 restituuntur·
653 3804 685 3861 66
707 3796 865 3860 sententia
889 3795 1058 3879 aptissima
1074 3802 1130 3860 est.
1166 3794 1248 3859 illud

70 3968 74 3977 ‚
125 3893 210 3958 enim
241 3894 347 3979 ipsum
371 3897 529 3962 Pseudolo
559 3898 610 3963 hic
640 3897 889 3963 confirmandum
919 3904 969 3962 est
996 3917 1030 3962 se
1059 3917 1122 3962 non
1145 3897 1247 3962 solum

126 4016 227 4080 nsque
249 3998 293 4063 ad
315 3997 394 4062 illud
417 4007 543 4084 tempus
566 4000 690 4066 consilii
713 4002 886 4084 quiequam
909 4019 981 4064 cum
1004 4000 1118 4066 lenone
1140 3999 1247 4082 inisse,

125 4101 302 4166 sedetiam
325 4121 500 4184 numquam
524 4104 692 4168 consilium
721 4123 793 4167 oum
823 4122 860 4167 eo
891 4122 963 4167 sese
989 4103 1140 4168 initurum
1168 4119 1249 4184 esse,

126 4204 244 4287 quippe
260 4205 314 4286 qui
328 4198 408 4268 nibil
425 4204 544 4269 habeat
559 4207 723 4286 antiquius
738 4224 835 4288 quam
853 4214 887 4269 ut
899 4204 1022 4270 Simoni
1034 4205 1073 4269 de
1088 4202 1248 4288 probitate

126 4322 185 4366 sua
200 4307 403 4387 persuadeat.
439 4308 594 4389 ‘unquam
610 4308 771 4373 convenit'
794 4313 900 4372 autem
921 4307 1101 4393 profuturo
1123 4307 1248 4370 ‘conve-

129 4404 208 4470 niet’
238 4428 300 4471 non
332 4410 509 4474 inauditum
539 4430 611 4475 esse
639 4410 795 4495 exemplis
816 4409 965 4495 probavit
987 4408 1184 4493 Spengelius.
1204 4444 1249 4455 —

128 4507 325 4575 Terentiana
344 4510 437 4577 huius
453 4534 532 4578 usus
546 4512 696 4597 exempla
717 4518 791 4578 sunt
812 4510 947 4597 Adelph.
969 4514 1025 4576 59:
1047 4509 1143 4575 ‘bace
1156 4509 1249 4575 fratri
