2850 5002
147 468 189 529 36

146 655 231 702 nunc
259 634 373 718 religio
402 638 435 701 in
465 642 497 702 te
526 637 628 703 istaec
656 638 796 703 incessit.
824 636 936 719 Cedo’,
968 636 1032 702 nisi
1060 636 1147 720 quod
1173 635 1211 703 in
1242 636 1275 705 (1

147 738 238 804 deest
253 739 461 823 praepositio.
497 738 613 805 dicitur
627 745 734 806 autem
750 739 893 804 hocloco
909 740 950 806 de
966 739 1066 806 animi
1080 738 1276 827 adfectibus,

147 840 263 923 quibus
296 842 368 924 quis
401 849 554 908 movetur.
607 844 715 925 itaquo
748 842 945 927 praepositio
981 841 1077 909 valde
1111 842 1277 929 displicet,

147 964 219 1009 cum
240 964 366 1028 sempor
381 943 454 1009 huic
469 944 566 1009 verbo
582 945 643 1009 hac
658 945 891 1028 significatione
906 944 1052 1009 adhibito
1068 952 1125 1009 aut
1139 944 1278 1011 dativus

147 1052 204 1111 aut
225 1046 428 1111 aocrrsativus
450 1046 617 1131 adpositus
640 1047 688 1111 sit.
732 1048 786 1129 qui
801 1068 896 1112 casus
912 1068 982 1112 cum
1005 1067 1165 1131 nusquam
1181 1048 1278 1133 apud

147 1149 270 1235 priscos
293 1154 407 1232 poetas
428 1147 502 1214 huic
518 1150 616 1215 verbo
631 1150 843 1233 edicerentur,
865 1155 950 1216 recte
964 1150 1103 1217 editores
1117 1150 1278 1237 Umpfen·

147 1250 263 1316 bachio
295 1258 428 1337 excepto
461 1252 544 1317 hunc
576 1253 680 1318 locum
718 1260 899 1336 corruptum
933 1273 1004 1319 csse
1040 1253 1280 1320 iudicaverunt.

148 1355 315 1419 Bentleius
338 1355 435 1437 igitur
456 1360 633 1439 praeeunte
655 1357 720 1420 ianr
735 1357 871 1421 Erasmo
888 1356 1031 1439 scripsit:
1058 1357 1165 1423 ‘Nova
1186 1378 1280 1423 nnuc

148 1456 260 1539 religio
291 1463 324 1522 te
359 1457 459 1523 istaec
493 1458 623 1524 incessit
658 1458 783 1524 cedot'.
815 1459 894 1523 illud
928 1458 1084 1524 ‘incessit'
1116 1480 1280 1544 praesens

149 1578 221 1624 esso
251 1559 341 1625 verbi
368 1560 572 1626 ‘incessendi’
606 1561 805 1625 existimans.
857 1581 941 1643 quae
971 1562 1165 1645 coniectura,
1199 1582 1278 1629 cum

147 1682 302 1745 praesens
332 1668 459 1747 tempus
490 1663 587 1728 nexui
619 1664 849 1728 sententiarum
880 1664 977 1729 valde
1011 1666 1194 1750 conveniat,
1232 1686 1278 1732 ex

148 1765 296 1830 omnibus
323 1766 513 1831 coniecturis
540 1786 624 1849 quae
649 1766 834 1851 propositae
861 1772 935 1831 sunt
956 1767 1008 1832 vel
1031 1767 1171 1833 maxime
1193 1768 1278 1834 mihi

148 1869 313 1951 arrideret,
335 1871 363 1933 si
385 1869 458 1933 aliis
481 1888 608 1951 quoque
630 1870 709 1934 locis
734 1869 893 1949 ,ineess0“
919 1889 940 1933 a
961 1878 1058 1954 poeta
1082 1875 1277 1957 usurpatum

149 1977 242 2036 esset.
301 1970 357 2036 sed
394 1970 513 2035 frustra
548 1970 628 2035 illud
669 1972 877 2054 quaesiveris.
935 1992 1001 2056 qua
1037 1993 1070 2038 re
1108 1972 1276 2058 (iuyetum

148 2073 394 2139 Fleckeisenum
418 2074 501 2138 alios
524 2082 651 2139 secutus
673 2075 758 2139 hanc
779 2074 949 2140 lectionem
972 2077 1164 2160 amplector:

264 2203 372 2268 ‘Nova
395 2223 479 2268 nunc
500 2204 611 2287 religio
634 2204 719 2268 unde
741 2204 843 2268 istaec
865 2204 1021 2269 incessit?
1043 2204 1130 2270 Cedo
1139 2203 1155 2269 ³.

234 2334 284 2396 34.
328 2332 462 2399 tnctderc
489 2331 550 2416 (ΡΙ.
573 2329 660 2416 ier.)
689 2338 793 2397 Ptcut.
824 2331 906 2397 Men.
929 2334 1008 2396 874:
1042 2332 1128 2398 ‘ei..
1144 2331 1275 2398 morbus

147 2432 281 2515 incidit'‚
305 2437 418 2499 Terent.
443 2434 558 2499 Heaut.
574 2436 653 2497 395:
677 2435 733 2499 ‘Ut
755 2453 930 2516 numquam
953 2435 1020 2498 ulla
1040 2435 1142 2498 amori
1165 2442 1273 2502 vostro

147 2534 289 2600 incidere
311 2536 413 2619 possit
435 2536 626 2619 calamitas’,
659 2536 757 2603 Andr.
780 2539 858 2600 358:
888 2537 1060 2602 ‘Redeunti
1086 2540 1209 2602 interea
1232 2556 1274 2603 ex

147 2638 221 2722 ipsa
237 2656 271 2702 re
287 2639 330 2702 mi
344 2639 457 2703 incidit
472 2639 614 2724 suspitio,
629 2639 788 2705 ibidem:
804 2641 891 2703 ‘nam
908 2640 962 2723 qui
978 2640 1036 2705 tibi
1047 2640 1147 2705 istaec
1161 2640 1275 2705 incidit

148 2742 330 2826 suspitio‘t'.
372 2743 415 2808 ad
437 2743 527 2807 verbi
550 2748 740 2807 structuram
762 2743 891 2829 proprie
911 2765 974 2808 non
989 2744 1127 2827 pertinet
1142 2745 1170 2808 is
1193 2743 1274 2808 dati-

149 2865 208 2909 vus
231 2845 287 2928 qui
309 2851 398 2910 extat
422 2846 548 2911 Phorm,
574 2850 648 2910 157:
681 2845 788 2922 ‘Quod
817 2847 940 2910 utinam
966 2866 1007 2911 ne
1033 2846 1216 2911 Phormioni
1239 2847 1273 2911 id

150 2948 287 3013 suadere
316 2951 349 3012 in
372 2956 511 3014 mentem
540 2949 734 3014 incidissett'
786 2949 902 3013 iterata
932 2968 1007 3013 vero
1036 2948 1274 3034 praepositione

151 3056 207 3114 ant
230 3050 270 3115 de
292 3051 371 3114 locis
393 3058 450 3116 aut
473 3053 512 3115 de
534 3051 630 3115 malis
652 3052 760 3133 agitur·
782 3050 815 3113 in
839 3070 922 3132 quae
944 3051 1016 3133 quis
1038 3051 1152 3115 incidit
1168 3058 1272 3117 Plcat.

151 3156 238 3219 Trin.
261 3156 340 3218 658:
370 3154 416 3217 ‘in
444 3153 589 3217 fraudem
600 3153 615 3235 ',
652 3160 769 3219 Terent.
800 3153 926 3218 Phorm.
952 3158 1026 3216 175:
1057 3154 1102 3217 ‘in
1132 3174 1273 3219 eum...

150 3253 276 3337 locum’,
304 3256 420 3322 Heaut.
442 3258 522 3317 442:
555 3255 598 3319 ‘in
630 3255 766 3320 eandem
790 3254 957 3338 fraudem',
994 3255 1090 3320 Andr.
1114 3258 1191 3320 782:
1227 3258 1273 3321 ‘in

150 3356 294 3422 malum'.
338 3357 456 3421 deinde
477 3364 509 3422 ta
530 3356 726 3441 praepositio
750 3357 866 3440 legitur
888 3357 952 3422 Mil.
967 3357 1044 3440 glor.
1060 3379 1126 3441 arg.
1142 3359 1174 3423 11
1194 3364 1271 3425 ut:

151 3460 196 3524 ‘in
217 3460 354 3525 eandem
377 3458 456 3546 (scil.
478 3459 634 3545 puellam)
657 3459 768 3524 incidi’
800 3459 829 3524 11.
845 3480 884 3542 e,
913 3466 949 3524 ut
978 3481 1018 3525 ex
1041 3462 1271 3527 sententiarum

149 3581 235 3628 nexu
257 3563 402 3647 adparet,
424 3563 555 3646 puellae
577 3581 687 3627 amore
708 3561 903 3627 inflammari
926 3566 1025 3649 coepi.

237 3694 286 3757 35.
330 3693 475 3760 incubare
498 3689 571 3778 (Pl.)
602 3692 700 3757 semel
732 3712 803 3756 cum
833 3693 942 3757 dativo
973 3713 1130 3777 personae
1155 3693 1272 3776 legitur

150 3797 239 3880 apud
260 3802 402 3861 Plautum
424 3795 515 3859 Ourc.
537 3797 616 3858 266:
645 3795 795 3877 ‘namque
817 3795 968 3860 incubare
991 3795 1092 3861 satius
1113 3801 1145 3860 te
1166 3795 1271 3858 fuerat

151 3899 242 3965 Iovi’.
271 3905 304 3963 io
325 3899 523 3982 praepositio
536 3898 678 3981 sequitur
690 3898 779 3982 apud
790 3897 927 3962 eundem
940 3898 1029 3962 Cure.
1042 3901 1099 3962 02:
1122 3900 1271 3978 aegrotus

150 4002 282 4067 incubat
312 4001 347 4065 in
376 4000 550 4084 Aesculapi
581 4001 679 4085 fano',
716 4000 789 4065 Oas.
810 4001 827 4063 Ι
852 4004 877 4079 Ι,
900 4002 956 4061 22:
987 4000 1086 4064 ‘Rure
1112 3995 1269 4061 incubabo

150 4125 253 4189 usque
280 4104 314 4169 in
343 4101 546 4187 praefectura
576 4103 671 4168 mea'.
722 4101 904 4167 incohativo
931 4108 1038 4166 autem
1066 4100 1158 4163 huius
1180 4097 1270 4163 verbi

151 4201 355 4276 accusativus
377 4205 514 4272 adicitur
535 4214 635 4272 Plcat.
660 4206 733 4273 Cas.
747 4207 780 4270 II
802 4210 830 4288 4,
849 4208 906 4267 29:
929 4204 1078 4284 ‘eumque
1100 4200 1269 4288 (gladium)

151 4309 355 4378 incumbam’.

239 4441 289 4503 36.
333 4440 492 4505 inhaerere
523 4433 599 4523 (Pl.)
634 4436 732 4501 semel
765 4432 842 4498 mihi
879 4432 1013 4498 occurrit
1047 4442 1148 4500 Pluut.
1182 4435 1268 4500 Mero
