2850 5002
151 434 191 497 26

150 603 270 667 tralata
285 609 393 669 autem
408 603 495 669 verbi
512 603 545 668 vi
567 604 628 669 ‘ad’
650 605 755 689 posuit
771 611 939 672 Poeeuor'ao
961 626 990 670 v.
1006 606 1045 668 34
1070 604 1175 689 (Ribb.
1190 611 1273 690 trag.

150 705 186 771 fr.
208 727 238 791 p.
254 704 327 792 81):
356 706 464 772 ‘Nilne
487 705 530 771 ad
553 713 583 771 te
606 707 647 772 de
668 707 785 773 iudieio
814 727 938 771 annum
961 706 1113 772 aedidit?
1137 708 1194 772 ‘in’
1217 708 1274 775 ad·

151 807 252 873 hibuit
274 814 430 875 Terentius
453 808 550 874 Andr.
566 811 645 873 885:
669 810 803 875 ‘Eodem
827 809 878 874 die
901 809 1131 875 istuoverbum
1148 811 1274 877 veroin

150 916 182 976 te
205 910 345 1003 aeoidit’

240 1018 285 1079 14.
333 1016 486 1083 decubare
517 1014 592 1101 (Pl.)
622 1014 673 1079 bis
704 1036 773 1081 oum
805 1014 915 1079 dativo
946 1034 1103 1098 personae
1132 1014 1275 1099 iungitur

150 1117 236 1202 apud
261 1124 399 1183 Plautiam
428 1118 494 1185 Mil.
509 1120 588 1181 212:
617 1117 712 1195 ‘Quoi
741 1116 893 1204 (Naevio)
916 1116 981 1182 bini
1005 1116 1211 1185 custodes..
1234 1168 1241 1183 .
1264 1168 1273 1187 .

151 1218 329 1286 aoeubant.’
373 1219 555 1285 ‘aooubant'
578 1221 663 1285 enirn
687 1218 796 1303 utique
819 1219 1018 1285 scribendum
1035 1227 1092 1303 est,
1115 1241 1177 1285 non
1201 1241 1274 1286 eum

149 1321 322 1386 Ritsehelio
353 1327 385 1388 et
415 1323 488 1387 aliis
511 1323 700 1405 ‘oeoubant’‚
732 1322 817 1406 quod
848 1327 897 1388 est
927 1322 960 1386 in
988 1322 1166 1387 codicibus:
1196 1343 1273 1388 nam

150 1425 283 1489 Plautus
319 1424 521 1490 ‘oeoubandi'
552 1425 684 1490 verbum
720 1425 847 1490 omnino
884 1425 1019 1508 ignorat.
1075 1424 1190 1490 Baooh.
1214 1428 1272 1489 72:

150 1526 227 1591 ‘Ubi
250 1527 294 1592 mi
317 1548 374 1612 pro
398 1547 479 1610 equo
501 1528 602 1592 lentus
618 1527 719 1611 detur,
743 1533 878 1591 soortum
901 1548 959 1611 pro
983 1534 1072 1592 souto
1096 1526 1272 1593 adoubet?'

149 1629 234 1695 idem
265 1638 362 1713 poeta
390 1629 545 1714 posthoc
574 1631 706 1696 verbum
737 1630 955 1695 aoousativum
979 1649 1136 1715 personae
1165 1629 1274 1714 posuit

150 1753 245 1797 sensu
269 1732 425 1797 obscoeno
449 1733 530 1799 Men.
547 1738 627 1797 475:
651 1734 803 1797 ‘scortum
826 1731 983 1797 aeeubui’
1017 1739 1154 1814 utraque
1176 1732 1274 1815 igitur

151 1841 309 1899 struotura
337 1835 369 1899 in
399 1835 560 1900 ootidiano
592 1856 737 1901 sermone
766 1836 945 1920 promisouo
974 1835 1100 1901 videtur
1127 1834 1273 1901 adhibita

150 1956 229 2002 esse.
272 1945 303 2003 to
332 1938 530 2022 praepositio
562 1938 664 2003 tribus
692 1939 847 2022 exemplis
875 1937 991 2021 legitur
1013 1937 1100 2022 apud
1131 1945 1273 2004 Plautum

151 2038 265 2104 Baeeh.
287 2043 366 2102 454:
397 2040 495 2105 ‘illest
517 2040 570 2123 qui
600 2042 633 2105 in
663 2042 810 2127 lupanari
833 2039 996 2124 aooubat’,
1026 2040 1101 2106 ibid.
1119 2044 1196 2104 755:
1224 2038 1273 2105 ‘in

149 2141 305 2225 bioliuio’,
334 2142 410 2208 ibid.
434 2144 512 2208 938:
543 2144 674 2208 ‘nonin
697 2143 788 2208 busto
813 2143 943 2223 donini,
972 2143 1084 2208 sedin
1111 2143 1194 2208 leoto
1217 2143 1274 2208 ad·

150 2244 266 2311 nubat!
311 2244 451 2310 ‘Achilli’
475 2245 558 2311 enirn
590 2246 757 2329 genetivus
787 2253 835 2311 est
858 2246 896 2310 ef.
919 2245 1004 2310 Brix.
1027 2245 1069 2309 ad
1094 2244 1186 2329 Capt.
1202 2249 1273 2312 5⁶25.

150 2352 306 2413 Terentius
328 2347 386 2411 hoo
410 2348 507 2412 verbo
530 2349 628 2413 semel
651 2348 797 2413 absolute
820 2368 896 2413 usus
920 2352 968 2412 est
990 2348 1069 2413 Eun.
1086 2351 1156 2412 728.

240 2454 286 2516 15.
330 2451 510 2518 decumbere
524 2450 730 2516 ‘aooubandi’
753 2450 849 2516 uerbo
866 2449 970 2515 adioio
985 2455 1164 2535 propterea,
1187 2450 1274 2533 quod

149 2551 243 2616 huius
265 2551 354 2617 verbi
377 2554 470 2635 quasi
485 2551 702 2617 ineohativum
724 2559 773 2617 est
789 2574 796 2614 ε
812 2573 888 2617 nam
911 2550 1089 2617 ‘aeoumbo'
1113 2550 1272 2635 signifieat

149 2674 223 2720 eum
246 2661 376 2738 motum,
399 2673 516 2737 exque
533 2654 776 2738 quietissimus,
799 2655 853 2738 qui
875 2653 1079 2719 ‘aroubandi'
1101 2654 1199 2719 verbo
1221 2673 1274 2719 ex-

148 2757 313 2842 primitur,
345 2756 451 2821 oritur.
507 2776 666 2838 nusquam
698 2776 777 2822 sane
808 2756 868 2821 hoo
897 2757 1028 2821 verbum
1061 2777 1132 2821 oum
1163 2756 1272 2822 dativo

150 2859 237 2944 apud
266 2865 390 2925 veteres
421 2865 535 2945 poetas
566 2866 764 2926 eoniunotum
795 2859 964 2944 reperitur,
996 2858 1053 2923 sed
1081 2859 1178 2923 semel
1201 2878 1273 2922 oum

149 2962 333 3027 accusativo
357 2983 451 3027 sensu
467 2962 624 3028 obscoeno
648 2962 736 3046 apud
759 2969 898 3028 Plantam
918 2961 1033 3027 Baooh.
1062 2964 1154 3024 1189:
1178 2961 1273 3025 ‘soor-

149 3070 215 3128 tnnr
239 3063 433 3149 aoeumbas’‚
460 3065 572 3147 itaque
593 3065 691 3130 Stioh.
715 3069 789 3128 700:
818 3065 911 3131 ‘Uter
933 3063 1070 3129 amicam
1094 3062 1200 3128 utrubi
1223 3082 1274 3128 ao-

148 3166 358 3251 oumbamus'‚
388 3187 459 3232 eum
483 3166 664 3247 Ritsehelio‚
692 3186 786 3249 quem
812 3165 1044 3231 Fleckeisenus
1067 3170 1194 3230 secutus
1217 3172 1274 3248 θεῖ,

148 3268 315 3334 ‘aruinam'
339 3270 539 3334 scribendum
557 3277 606 3334 est
624 3290 682 3354 pro
705 3269 850 3335 eodieum
866 3268 1022 3353 scriptura
1045 3268 1187 3349 ‘amiea’,
1209 3288 1272 3333 non

148 3370 307 3454 ‘aminae',
329 3377 364 3436 ut
386 3372 546 3437 veteribus
561 3371 787 3456 interpretibus
809 3373 912 3435 visurn
933 3377 1012 3435 erat.
1055 3377 1167 3436 Aerias
1182 3390 1273 3435 aeou·

149 3475 288 3539 sativum
310 3475 369 3540 roi
391 3475 499 3560 posuit
521 3496 549 3539 v.
573 3477 648 3538 218:
673 3475 735 3539 ‘Ne
757 3493 828 3538 oum
851 3479 989 3558 tyranno
1005 3474 1176 3556 quisquam
1199 3494 1273 3558 epu-

148 3577 238 3641 landi
260 3578 366 3660 gratia
382 3577 559 3642 Aoeumbat
581 3597 726 3642 mensam
734 3578 749 3640 ’.
792 3585 823 3642 io
846 3575 1116 3661 praepositionem
1138 3579 1272 3660 usurpat

151 3686 279 3745 Plantas
295 3700 392 3745 sensu
407 3680 503 3743 looali
520 3679 617 3744 Stioh.
639 3681 714 3743 488:
745 3680 794 3744 ‘in
809 3678 913 3761 leoto’,
936 3680 1027 3745 bloet.
1050 3683 1104 3741 44:
1127 3679 1173 3743 ‘in
1195 3676 1271 3741 via’.

236 3785 284 3845 16.
327 3783 495 3849 ddbaerere
510 3780 585 3866 (Pl.)
609 3782 708 3847 semel
732 3803 801 3847 oum
825 3781 936 3846 dativo
959 3782 1100 3845 iunotum
1116 3779 1272 3864 reperitur

148 3884 235 3967 apud
266 3891 406 3950 Plautum
438 3883 533 3949 Stioh.
563 3886 641 3947 236:
679 3882 852 3948 ‘Adhaesit
884 3877 1004 3947 homini
1038 3882 1080 3946 ad
1112 3882 1269 3945 intumum

148 3993 291 4052 ventrem
307 3985 430 4069 fantes,
452 3987 561 4069 itaque
585 3985 715 4049 <dativus
730 3990 837 4049 mente
853 3984 1022 4049 addendus
1037 3987 1084 4047 est
1099 3981 1188 4045 Asin.
1200 3982 1235 4042 21
1247 3983 1270 4044 l.

147 4088 409 4155 ‘Adhaeresoere’
427 4094 533 4152 autern
550 4087 647 4153 semel
663 4108 734 4151 ourn
750 4087 888 4171 repetita
902 4082 1141 4170 praepositione
1156 4083 1270 4164 legitur

148 4194 236 4276 apud
258 4199 398 4257 Plantam
421 4191 516 4255 Poen.
539 4192 572 4254 ΙΙ
597 4196 627 4269 i,
650 4194 707 4255 33:
738 4192 793 4255 ‘ne
816 4190 860 4252 ad
881 4187 1000 4251 fundas
1023 4185 1130 4250 visens
1153 4185 1270 4250 adhae-

148 4302 308 4463 rosoelret.
327 4394 473 4481 adpetere
488 4392 560 4480 (Pl.)
576 4425 618 4447 =
633 4393 893 4479 adpropinquare
911 4390 1008 4455 ⁵⁰¹⁰&
1024 4390 1112 4477 apud
1129 4397 1270 4457 Prootom
