2850 5002
1229 538 1271 602 29

234 709 285 773 24.
328 708 509 792 0111111111
531 705 591 790 (Pl.
611 707 691 770 1111.
707 705 792 790 Τ11.)
816 704 914 771 semel
935 705 1195 790 impersonaliter
1217 705 1272 771 ad-

147 804 413 876 hibuitPlcotor
429 807 544 894 Amph.
569 811 665 874 1061:
699 807 757 872 ‘ita
786 827 862 873 erae
884 826 978 873 meae
1000 807 1096 873 hodie
1118 808 1271 891 contigit'.

149 912 326 977 subiectum
349 911 474 977 addidit
501 911 589 975 Asin.
613 913 673 975 720
698 910 819 975 Cistell.
840 911 872 975 ΙΙ
898 915 925 994 1,
947 911 987 973 20
1010 910 1106 976 Poen.
1129 911 1157 975 V
1180 914 1208 993 4,
1231 913 1271 973 99

150 1013 344 1098 Rud11763
367 1014 451 1097 quod
474 1013 508 1078 fit
530 1013 629 1079 etiam
650 1017 683 1078 et
705 1012 792 1097 apud
808 1018 938 1078 Ennium
960 1018 1041 1095 trag.
1057 1012 1138 1094 frag.
1153 1033 1181 1078 v.
1194 1015 1271 1078 308:

149 1115 241 1180 ‘mibi
339 1115 506 1199 contigerit
534 1114 667 1180 malum'
698 1120 730 1180 et
758 1114 847 1199 apud
873 1121 1042 1181 Terentium
1070 1115 1187 1200 Hecyr.
1209 1117 1270 1180 833

149 1219 404 1285 cunualdus:
437 1218 511 1284 ‘Oui
540 1224 608 1282 tam
637 1217 741 1284 subito
771 1223 818 1283 tot
848 1218 1049 1301 contigerunt
1078 1217 1271 1283 commoda'.

149 1320 196 1386 sic
217 1321 302 1387 enim
329 1321 363 1386 in
392 1320 554 1386 codicibus
575 1325 704 1405 praeter
726 1323 753 1387 A
776 1319 928 1405 scriptum
951 1325 1009 1387 est.
1051 1320 1084 1384 in
1106 1320 1136 1384 A
1157 1318 1274 1404 legitur

150 1423 390 1509 ‘congruerint’,
410 1423 495 1506 quod
507 1428 697 1507 receperunt
706 1422 935 1488 Fleckeisenus
947 1427 979 1488 et
990 1422 1274 1508 Umpfenbaohius.

151 1527 297 1592 Donatus
319 1530 426 1591 autem
448 1525 527 1609 legit
549 1524 753 1609 ‘contigerint
761 1523 777 1608 ',
810 1524 897 1608 quod
923 1523 1000 1589 mihi
1028 1545 1099 1590 cum
1126 1523 1272 1591 Bentleio

150 1628 311 1713 probatur.

237 1733 287 1795 25.
329 1732 496 1801 1111111111
518 1729 579 1817 (Pl.
601 1733 674 1798 Ter.
690 1729 769 1818 Afr.)
793 1749 863 1796 oum
886 1730 998 1796 dativo
1020 1730 1162 1796 iunctum
1184 1749 1274 1815 repc-

150 1832 241 1916 ritur,
271 1834 347 1916 quia
377 1832 537 1917 significat
567 1840 624 1898 aut
652 1833 778 1918 ‘aptum
809 1831 895 1898 esse’
923 1839 979 1898 aut
1007 1832 1165 1917 ‘pluribus
1187 1833 1273 1898 idem

149 1933 300 2020 placere'.
351 1936 437 2020 prior
464 1934 657 2020 significatio
687 1940 775 2001 extat
805 1942 909 2001 Plout.
940 1933 1056 2001 Bacch.
1087 1938 1163 1999 129:
1196 1936 1274 1999 ‘non

151 2037 254 2103 omnis
285 2042 392 2121 aetas,
422 2038 526 2121 Lude,
556 2037 632 2101 ludo
664 2037 835 2121 convenit',
872 2036 968 2103 Stich.
995 2038 1072 2103 298:
1106 2036 1183 2103 ‘Sed
1213 2037 1274 2102 hoc

151 2139 279 2203 videtur
300 2136 378 2202 mihi
399 2137 504 2221 magis
527 2156 597 2203 meo
620 2138 789 2203 convenire
815 2137 890 2204 huic
912 2141 1043 2223 nuntio',
1065 2138 1180 2205 Bacch.
1197 2142 1274 2205 185:

150 2240 342 2325 ‘Hospitium
357 2245 389 2306 et
404 2259 516 2304 cenam
533 2240 693 2325 pollicere,
712 2246 747 2305 ut
763 2241 912 2306 convenit
926 2260 1060 2327 peregre
1072 2241 1273 2308 advenienti.

151 2342 265 2407 similis
287 2361 363 2407 vero
385 2341 576 2427 significatio
596 2343 724 2408 videtur
746 2348 857 2409 extare
877 2343 944 2408 Mil.
960 2345 1021 2407 894
1037 2346 1125 2409 1195
1147 2342 1273 2430 (11111.)

152 2447 207 2528 qui
235 2445 324 2510 locus
345 2444 379 2509 in
401 2445 428 2510 B
450 2442 496 2510 sio
518 2444 649 2529 legitur:
683 2445 759 2511 ‘Pu
785 2445 874 2511 Mala
902 2446 1017 2511 mulier
1046 2452 1103 2512 est
1147 2446 1212 2512 AO.
1233 2465 1274 2512 ne

150 2553 249 2631 pavet
270 2546 433 2633 peioribus
455 2546 669 2631 conveniunt’,
702 2548 735 2612 in
758 2547 799 2615 0:
821 2549 897 2614 ‘Pu
910 2548 1000 2613 Mala
1022 2548 1113 2614 milla
1135 2568 1204 2613 mer
1226 2555 1275 2615 est

151 2669 192 2715 ne
213 2655 311 2734 pavet
324 2649 487 2735 peioribus
502 2651 705 2735 conrenivit’,
727 2651 760 2716 in
776 2652 820 2718 D:
843 2649 915 2717 ‘Pu
930 2650 1018 2716 Mala
1032 2651 1122 2715 nulla
1136 2657 1275 2716 mereata

152 2769 192 2816 ne
221 2758 319 2835 pavet
351 2752 474 2838 peiorib
508 2753 723 2819 conveniunt’.
774 2773 876 2819 nexus
905 2760 1011 2818 autem
1043 2752 1274 2818 sententiarum

151 2850 204 2917 bic
231 2858 295 2920 est:
327 2854 605 2939 Periplecomenus
635 2854 823 2921 iamdudum
852 2855 969 2939 puellis
997 2854 1212 2922 Acroteleutio
1242 2860 1274 2920 et

151 2954 386 3042 Milphidippae
407 2957 631 3042 mandaverat,
652 2963 687 3023 ut
708 2957 841 3023 militem
861 2958 1045 3043 deciperent
1059 2975 1188 3040 easque,
1211 2976 1275 3039 qua

151 3059 277 3124 ratione
307 3059 428 3145 optime
458 3059 540 3124 illud
570 3059 773 3144 perlicerent,
806 3059 987 3127 edocuerat.
1038 3060 1096 3125 sed
1129 3078 1200 3125 oum
1234 3059 1275 3125 de

151 3162 330 3244 puellarum
353 3168 385 3227 ct
406 3163 468 3228 fide
490 3169 521 3228 ct
536 3162 688 3228 facultate
704 3162 874 3245 dubitaret,
896 3164 1003 3229 denuo
1018 3161 1083 3228 illis
1098 3168 1274 3248 praecepta

151 3263 229 3329 dare
244 3264 365 3329 studuit
380 3272 533 3349 metuens,
546 3284 588 3330 ne
602 3265 744 3349 priorum
760 3263 983 3330 mandatorum
1003 3265 1275 3332 obliviscerentur.

152 3385 247 3448 quem
278 3373 396 3433 metum
426 3388 556 3453 prorsus
584 3368 713 3433 inanem
744 3387 816 3434 esse
844 3367 990 3454 pluribus
1016 3368 1124 3434 verbis
1145 3367 1274 3434 Acrote-

151 3466 285 3532 leutium
308 3470 339 3534 ei
360 3471 505 3554 exponit:
538 3469 621 3537 hane
651 3471 736 3536 enim
759 3470 928 3536 mulierum
951 3477 1101 3537 naturam
1123 3490 1204 3555 esse,
1232 3477 1275 3554 ut,

154 3567 238 3633 male
261 3570 288 3634 si
311 3569 388 3652 quid
410 3571 450 3635 111
465 3571 644 3638 faciendum
664 3573 712 3656 sit,
735 3570 949 3638 immortalem
971 3570 1061 3659 (888)
1084 3570 1273 3638 memoriam

153 3668 305 3754 habeant,
335 3671 363 3736 si
385 3672 463 3756 quid
485 3674 579 3758 bene,
610 3675 793 3741 meminisse
815 3682 977 3759 nequeant
999 3695 1152 3758 umquam
1174 3674 1274 3763 (890).

152 3772 196 3837 ad
219 3773 305 3855 quod
334 3774 629 3860 Periplecomenus:
661 3778 755 3843 ‘istuc
782 3778 888 3862 ipsum
918 3783 1037 3862 metuo,
1066 3777 1153 3861 quod
1182 3778 1274 3844 vobis

153 3874 342 3940 faciundum
363 3883 412 3943 est
433 3884 616 3962 utrumque:
643 3899 718 3944 nam
741 3880 775 3945 id
797 3879 938 3964 proderit
960 3878 1051 3964 mihi,
1073 3880 1167 3946 militi
1190 3880 1274 3947 male

153 3977 239 4061 quod
259 3977 386 4044 iacietis
409 3979 546 4046 ambae'.
589 3982 646 4047 sed
674 4001 746 4048 eum
769 3988 889 4048 metum
911 3981 1026 4048 iterum
1048 3983 1178 4048 inanem
1201 4000 1273 4047 esse

153 4080 351 4147 demonstrat
374 4081 622 4148 Acroteleutium
643 4083 695 4149 his
716 4085 839 4151 verbis:
871 4084 972 4149 ‘Dum
994 4085 1172 4151 nescientes
1196 4084 1274 4167 quid

153 4183 271 4249 bonum
293 4184 459 4269 faciamus,
481 4203 522 4250 11
544 4184 703 4251 formida’.
747 4186 1030 4271 Periplecomenus
1045 4193 1154 4252 tamen
1170 4185 1273 4270 pergit

154 4285 227 4351 illas
259 4287 363 4353 denuo
396 4288 577 4353 admonere.
633 4288 745 4371 itaque
777 4288 811 4353 in
843 4289 899 4373 iis,
934 4308 1019 4373 quae
1051 4308 1178 4354 versum
1211 4290 1273 4353 893

155 4395 328 4469 sequuntur
343 4389 426 4455 hano
441 4390 507 4456 tere
523 4389 715 4456 sententiam
731 4390 970 4459 desideramus:
992 4391 1100 4456 malac
1123 4389 1274 4456 mulieres

155 4495 237 4573 sunt,
260 4489 317 4556 sed
339 4513 416 4558 num
439 4493 483 4557 ad
504 4492 638 4560 militem
661 4493 884 4579 decipiendum
905 4493 987 4559 satis
1007 4493 1155 4578 valeant,
1181 4491 1274 4558 vehe-
